<?xml version="1.0" encoding="UTF-8"?>
<!DOCTYPE html PUBLIC "-//W3C//DTD XHTML 1.0 Transitional//EN"
    "http://www.w3.org/TR/xhtml1/DTD/xhtml1-transitional.dtd">
<html xmlns="http://www.w3.org/1999/xhtml" xml:lang="en" lang="en">
 <head>
  <title>
</title>
<meta http-equiv="Content-Type" content="text/html;charset=utf-8" />
  <meta name='ocr-system' content='tesseract 3.04.00' />
  <meta name='ocr-capabilities' content='ocr_page ocr_carea ocr_par ocr_line ocrx_word'/>
</head>
<body>
  <div class='ocr_page' id='page_1' title='image "./deplancietcicer00nakegoog_0026.png"; bbox 0 0 4090 5438; ppageno 0'>
   <div class='ocr_carea' id='block_1_1' title="bbox 727 259 1145 342">
    <p class='ocr_par' dir='ltr' id='par_1_1' title="bbox 727 259 1145 342">
     <span class='ocr_line' id='line_1_1' title="bbox 727 259 1145 342; baseline 0.005 -2"><span class='ocrx_word' id='word_1_1' title='bbox 727 259 1145 342; x_wconf 77' lang='lat'><strong>⁸--19—-</strong></span> 
     </span>
    </p>
   </div>
   <div class='ocr_carea' id='block_1_2' title="bbox 195 470 1774 684">
    <p class='ocr_par' dir='ltr' id='par_1_2' title="bbox 195 470 1774 684">
     <span class='ocr_line' id='line_1_2' title="bbox 195 470 1774 557; baseline -0.004 -12"><span class='ocrx_word' id='word_1_2' title='bbox 195 475 378 544; x_wconf 74' lang='lat' dir='ltr'><strong>rescribere</strong></span> <span class='ocrx_word' id='word_1_3' title='bbox 399 493 469 540; x_wconf 90' lang='lat' dir='ltr'><strong>non</strong></span> <span class='ocrx_word' id='word_1_4' title='bbox 490 472 608 557; x_wconf 89' lang='lat' dir='ltr'><strong>potuit,</strong></span> <span class='ocrx_word' id='word_1_5' title='bbox 630 471 741 555; x_wconf 88' lang='lat' dir='ltr'><strong>potuit</strong></span> <span class='ocrx_word' id='word_1_6' title='bbox 761 472 902 538; x_wconf 79' lang='lat' dir='ltr'><strong>fortasse</strong></span> <span class='ocrx_word' id='word_1_7' title='bbox 925 470 1040 555; x_wconf 79' lang='lat' dir='ltr'>paucis</span> <span class='ocrx_word' id='word_1_8' title='bbox 1062 470 1180 538; x_wconf 90' lang='lat' dir='ltr'><strong>diebus</strong></span> <span class='ocrx_word' id='word_1_9' title='bbox 1202 475 1279 536; x_wconf 90' lang='lat' dir='ltr'><strong>ante</strong></span> <span class='ocrx_word' id='word_1_10' title='bbox 1294 470 1466 536; x_wconf 78' lang='lat' dir='ltr'><strong>Kalendas</strong></span> <span class='ocrx_word' id='word_1_11' title='bbox 1482 470 1672 552; x_wconf 75' lang='lat' dir='ltr'><strong>Quinctilis.</strong></span> <span class='ocrx_word' id='word_1_12' title='bbox 1707 472 1774 538; x_wconf 80' lang='lat' dir='ltr'><strong>Sed</strong></span> 
     </span>
     <span class='ocr_line' id='line_1_3' title="bbox 197 586 1774 684; baseline -0.003 -23"><span class='ocrx_word' id='word_1_13' title='bbox 197 617 260 680; x_wconf 83' lang='lat' dir='ltr'><strong>ego</strong></span> <span class='ocrx_word' id='word_1_14' title='bbox 274 596 319 660; x_wconf 89' lang='lat' dir='ltr'><strong>M.</strong></span> <span class='ocrx_word' id='word_1_15' title='bbox 335 593 482 660; x_wconf 70' lang='lat' dir='ltr'><strong>Tullium</strong></span> <span class='ocrx_word' id='word_1_16' title='bbox 498 586 640 658; x_wconf 65' lang='lat' dir='ltr'><strong>*omnino</strong></span> <span class='ocrx_word' id='word_1_17' title='bbox 662 613 731 657; x_wconf 93' lang='lat' dir='ltr'><strong>nou</strong></span> <span class='ocrx_word' id='word_1_18' title='bbox 752 591 966 675; x_wconf 89' lang='lat' dir='ltr'><strong>respondisse</strong></span> <span class='ocrx_word' id='word_1_19' title='bbox 988 610 1107 656; x_wconf 91' lang='lat' dir='ltr'><strong>censeo</strong></span> <span class='ocrx_word' id='word_1_20' title='bbox 1130 597 1207 655; x_wconf 87' lang='lat' dir='ltr'><strong>ante</strong></span> <span class='ocrx_word' id='word_1_21' title='bbox 1222 589 1403 655; x_wconf 80' lang='lat' dir='ltr'>Kalendas.</span> <span class='ocrx_word' id='word_1_22' title='bbox 1438 590 1652 684; x_wconf 51' lang='lat' dir='ltr'><strong>Quid3enim?</strong></span> <span class='ocrx_word' id='word_1_23' title='bbox 1684 592 1774 657; x_wconf 89' lang='lat' dir='ltr'><strong>Num</strong></span> 
     </span>
    </p>
   </div>
   <div class='ocr_carea' id='block_1_3' title="bbox 198 708 1851 802">
    <p class='ocr_par' dir='ltr' id='par_1_3' title="bbox 198 708 1851 802">
     <span class='ocr_line' id='line_1_4' title="bbox 198 708 1851 802; baseline -0.003 -21"><span class='ocrx_word' id='word_1_24' title='bbox 198 721 328 782; x_wconf 88' lang='lat' dir='ltr'><strong>constat</strong></span> <span class='ocrx_word' id='word_1_25' title='bbox 352 735 388 778; x_wconf 91' lang='lat' dir='ltr'><strong>re</strong></span> <span class='ocrx_word' id='word_1_26' title='bbox 415 734 496 778; x_wconf 90' lang='lat' dir='ltr'><strong>uera</strong></span> <span class='ocrx_word' id='word_1_27' title='bbox 521 712 686 778; x_wconf 89' lang='lat' dir='ltr'><strong>Plancum</strong></span> <span class='ocrx_word' id='word_1_28' title='bbox 713 717 748 776; x_wconf 91' lang='lat' dir='ltr'><strong>et</strong></span> <span class='ocrx_word' id='word_1_29' title='bbox 774 710 917 776; x_wconf 77' lang='lat' dir='ltr'><strong>Brutum</strong></span> <span class='ocrx_word' id='word_1_30' title='bbox 945 731 973 774; x_wconf 89' lang='lat' dir='ltr'><strong>a.</strong></span> <span class='ocrx_word' id='word_1_31' title='bbox 996 708 1027 773; x_wconf 90' lang='lat' dir='ltr'><strong>d.</strong></span> <span class='ocrx_word' id='word_1_32' title='bbox 1040 709 1101 773; x_wconf 66' lang='lat' dir='ltr'><strong>VI.</strong></span> <span class='ocrx_word' id='word_1_33' title='bbox 1124 709 1172 774; x_wconf 91' lang='lat' dir='ltr'><strong>Id.</strong></span> <span class='ocrx_word' id='word_1_34' title='bbox 1195 709 1269 774; x_wconf 89' lang='lat' dir='ltr'><strong>Iun.</strong></span> <span class='ocrx_word' id='word_1_35' title='bbox 1297 710 1408 793; x_wconf 89' lang='lat' dir='ltr'><strong>copias</strong></span> <span class='ocrx_word' id='word_1_36' title='bbox 1436 729 1513 775; x_wconf 88' lang='lat' dir='ltr'><strong>suas</strong></span> <span class='ocrx_word' id='word_1_37' title='bbox 1540 711 1774 776; x_wconf 84' lang='lat' dir='ltr'><strong>coniunxisse?</strong></span> <span class='ocrx_word' id='word_1_38' title='bbox 1848 795 1851 802; x_wconf 87' lang='lat'><strong>.</strong></span> 
     </span>
    </p>
   </div>
   <div class='ocr_carea' id='block_1_4' title="bbox 199 817 1883 915">
    <p class='ocr_par' dir='ltr' id='par_1_4' title="bbox 199 817 1883 915">
     <span class='ocr_line' id='line_1_5' title="bbox 199 817 1883 915; baseline -0.002 -15"><span class='ocrx_word' id='word_1_39' title='bbox 199 835 307 900; x_wconf 88' lang='lat' dir='ltr'><strong>Multa</strong></span> <span class='ocrx_word' id='word_1_40' title='bbox 329 854 409 899; x_wconf 90' lang='lat' dir='ltr'><strong>sane</strong></span> <span class='ocrx_word' id='word_1_41' title='bbox 432 831 551 898; x_wconf 89' lang='lat' dir='ltr'><strong>Planci</strong></span> <span class='ocrx_word' id='word_1_42' title='bbox 572 830 738 915; x_wconf 88' lang='lat' dir='ltr'><strong>promissa</strong></span> <span class='ocrx_word' id='word_1_43' title='bbox 758 830 850 896; x_wconf 90' lang='lat' dir='ltr'><strong>illius</strong></span> <span class='ocrx_word' id='word_1_44' title='bbox 873 851 967 914; x_wconf 91' lang='lat' dir='ltr'><strong>spem</strong></span> <span class='ocrx_word' id='word_1_45' title='bbox 988 829 1190 894; x_wconf 86' lang='lat' dir='ltr'><strong>fefellerunt.</strong></span> <span class='ocrx_word' id='word_1_46' title='bbox 1233 829 1323 895; x_wconf 91' lang='lat' dir='ltr'><strong>Num</strong></span> <span class='ocrx_word' id='word_1_47' title='bbox 1345 829 1429 894; x_wconf 91' lang='lat' dir='ltr'><strong>illud</strong></span> <span class='ocrx_word' id='word_1_48' title='bbox 1451 837 1593 908; x_wconf 87' lang='lat' dir='ltr'><strong>constat,</strong></span> <span class='ocrx_word' id='word_1_49' title='bbox 1622 832 1774 897; x_wconf 89' lang='lat' dir='ltr'><strong>consules</strong></span> <span class='ocrx_word' id='word_1_50' title='bbox 1879 817 1883 826; x_wconf 44' lang='lat'>¹</span> 
     </span>
    </p>
   </div>
   <div class='ocr_carea' id='block_1_5' title="bbox 196 947 1775 1396">
    <p class='ocr_par' dir='ltr' id='par_1_5' title="bbox 196 947 1775 1396">
     <span class='ocr_line' id='line_1_6' title="bbox 197 947 1775 1038; baseline -0.003 -18"><span class='ocrx_word' id='word_1_51' title='bbox 197 954 388 1038; x_wconf 84' lang='lat' dir='ltr'><strong>designatos</strong></span> <span class='ocrx_word' id='word_1_52' title='bbox 416 951 641 1034; x_wconf 88' lang='lat' dir='ltr'><strong>simulatque</strong></span> <span class='ocrx_word' id='word_1_53' title='bbox 667 971 759 1014; x_wconf 88' lang='lat' dir='ltr'><strong>arma</strong></span> <span class='ocrx_word' id='word_1_54' title='bbox 786 949 1023 1016; x_wconf 81' lang='lat' dir='ltr'><strong>coniunxerint</strong></span> <span class='ocrx_word' id='word_1_55' title='bbox 1048 949 1141 1014; x_wconf 91' lang='lat' dir='ltr'><strong>nullo</strong></span> <span class='ocrx_word' id='word_1_56' title='bbox 1169 948 1223 1014; x_wconf 89' lang='lat' dir='ltr'><strong>die</strong></span> <span class='ocrx_word' id='word_1_57' title='bbox 1249 947 1447 1033; x_wconf 91' lang='lat' dir='ltr'><strong>interposito</strong></span> <span class='ocrx_word' id='word_1_58' title='bbox 1473 951 1609 1016; x_wconf 88' lang='lat' dir='ltr'><strong>nuntios</strong></span> <span class='ocrx_word' id='word_1_59' title='bbox 1632 951 1775 1016; x_wconf 86' lang='lat' dir='ltr'>Romam</span> 
     </span>
     <span class='ocr_line' id='line_1_7' title="bbox 196 1068 1773 1153; baseline -0.003 -13"><span class='ocrx_word' id='word_1_60' title='bbox 196 1073 350 1140; x_wconf 81' lang='lat' dir='ltr'><strong>misisse?</strong></span> <span class='ocrx_word' id='word_1_61' title='bbox 395 1069 491 1152; x_wconf 73' lang='lat' dir='ltr'><strong>Quod</strong></span> <span class='ocrx_word' id='word_1_62' title='bbox 518 1070 642 1135; x_wconf 85' lang='lat' dir='ltr'><strong>factum</strong></span> <span class='ocrx_word' id='word_1_63' title='bbox 668 1091 735 1135; x_wconf 91' lang='lat' dir='ltr'><strong>nou</strong></span> <span class='ocrx_word' id='word_1_64' title='bbox 768 1089 842 1136; x_wconf 93' lang='lat' dir='ltr'><strong>esse</strong></span> <span class='ocrx_word' id='word_1_65' title='bbox 870 1075 1055 1134; x_wconf 87' lang='lat' dir='ltr'><strong>statuemus</strong></span> <span class='ocrx_word' id='word_1_66' title='bbox 1084 1075 1118 1133; x_wconf 91' lang='lat' dir='ltr'><strong>et</strong></span> <span class='ocrx_word' id='word_1_67' title='bbox 1144 1074 1281 1152; x_wconf 90' lang='lat' dir='ltr'><strong>propter</strong></span> <span class='ocrx_word' id='word_1_68' title='bbox 1307 1068 1436 1134; x_wconf 90' lang='lat' dir='ltr'><strong>dierum</strong></span> <span class='ocrx_word' id='word_1_69' title='bbox 1467 1091 1657 1148; x_wconf 89' lang='lat' dir='ltr'><strong>numerum,</strong></span> <span class='ocrx_word' id='word_1_70' title='bbox 1691 1093 1773 1153; x_wconf 92' lang='lat' dir='ltr'><strong>quos</strong></span> 
     </span>
     <span class='ocr_line' id='line_1_8' title="bbox 197 1184 1773 1276; baseline -0.001 -18"><span class='ocrx_word' id='word_1_71' title='bbox 197 1213 299 1276; x_wconf 88' lang='lat' dir='ltr'><strong>supra</strong></span> <span class='ocrx_word' id='word_1_72' title='bbox 323 1189 469 1256; x_wconf 90' lang='lat' dir='ltr'><strong>uidimus</strong></span> <span class='ocrx_word' id='word_1_73' title='bbox 489 1188 721 1256; x_wconf 73' lang='lat' dir='ltr'><strong>intercessisse</strong></span> <span class='ocrx_word' id='word_1_74' title='bbox 743 1209 763 1252; x_wconf 94' lang='lat' dir='ltr'><strong>a</strong></span> <span class='ocrx_word' id='word_1_75' title='bbox 785 1188 911 1272; x_wconf 89' lang='lat' dir='ltr'><strong>proelio</strong></span> <span class='ocrx_word' id='word_1_76' title='bbox 933 1187 1118 1254; x_wconf 83' lang='lat' dir='ltr'><strong>Mutinensi</strong></span> <span class='ocrx_word' id='word_1_77' title='bbox 1140 1187 1181 1253; x_wconf 90' lang='lat' dir='ltr'><strong>ad</strong></span> <span class='ocrx_word' id='word_1_78' title='bbox 1204 1209 1290 1276; x_wconf 21' lang='lat' dir='ltr'><strong>eum*</strong></span> <span class='ocrx_word' id='word_1_79' title='bbox 1306 1188 1393 1252; x_wconf 91' lang='lat' dir='ltr'><strong>diem</strong></span> <span class='ocrx_word' id='word_1_80' title='bbox 1417 1209 1481 1273; x_wconf 90' lang='lat' dir='ltr'><strong>quo</strong></span> <span class='ocrx_word' id='word_1_81' title='bbox 1505 1184 1620 1255; x_wconf 85' lang='lat' dir='ltr'><strong>Cicero</strong></span> <span class='ocrx_word' id='word_1_82' title='bbox 1648 1189 1687 1255; x_wconf 90' lang='lat' dir='ltr'><strong>de</strong></span> <span class='ocrx_word' id='word_1_83' title='bbox 1714 1190 1773 1256; x_wconf 90' lang='lat' dir='ltr'><strong>illo</strong></span> 
     </span>
     <span class='ocr_line' id='line_1_9' title="bbox 197 1306 1772 1396; baseline 0 -20"><span class='ocrx_word' id='word_1_84' title='bbox 197 1311 323 1396; x_wconf 81' lang='lat' dir='ltr'><strong>proelio</strong></span> <span class='ocrx_word' id='word_1_85' title='bbox 346 1310 466 1376; x_wconf 89' lang='lat' dir='ltr'><strong>certior</strong></span> <span class='ocrx_word' id='word_1_86' title='bbox 486 1309 593 1376; x_wconf 86' lang='lat' dir='ltr'><strong>factus</strong></span> <span class='ocrx_word' id='word_1_87' title='bbox 621 1315 685 1387; x_wconf 87' lang='lat' dir='ltr'><strong>est,</strong></span> <span class='ocrx_word' id='word_1_88' title='bbox 714 1313 748 1373; x_wconf 93' lang='lat' dir='ltr'><strong>et</strong></span> <span class='ocrx_word' id='word_1_89' title='bbox 770 1316 906 1392; x_wconf 90' lang='lat' dir='ltr'><strong>propter</strong></span> <span class='ocrx_word' id='word_1_90' title='bbox 933 1324 1098 1374; x_wconf 88' lang='lat' dir='ltr'><strong>summam</strong></span> <span class='ocrx_word' id='word_1_91' title='bbox 1124 1306 1216 1394; x_wconf 82' lang='lat' dir='ltr'><strong>illam</strong></span> <span class='ocrx_word' id='word_1_92' title='bbox 1244 1328 1344 1391; x_wconf 89' lang='lat' dir='ltr'><strong>quam</strong></span> <span class='ocrx_word' id='word_1_93' title='bbox 1367 1307 1483 1374; x_wconf 87' lang='lat' dir='ltr'><strong>Cicero</strong></span> <span class='ocrx_word' id='word_1_94' title='bbox 1510 1311 1546 1374; x_wconf 89' lang='lat' dir='ltr'><strong>in</strong></span> <span class='ocrx_word' id='word_1_95' title='bbox 1574 1331 1623 1394; x_wconf 92' lang='lat' dir='ltr'><strong>ep.</strong></span> <span class='ocrx_word' id='word_1_96' title='bbox 1639 1310 1700 1376; x_wconf 87' lang='lat' dir='ltr'><strong>XI.</strong></span> <span class='ocrx_word' id='word_1_97' title='bbox 1724 1312 1772 1376; x_wconf 78' lang='lat'><strong>15.</strong></span> 
     </span>
    </p>
   </div>
   <div class='ocr_carea' id='block_1_6' title="bbox 200 1427 1901 1525">
    <p class='ocr_par' dir='ltr' id='par_1_6' title="bbox 200 1427 1901 1525">
     <span class='ocr_line' id='line_1_10' title="bbox 200 1427 1901 1525; baseline 0 -29"><span class='ocrx_word' id='word_1_98' title='bbox 200 1435 435 1496; x_wconf 83' lang='lat' dir='ltr'><strong>commemorat</strong></span> <span class='ocrx_word' id='word_1_99' title='bbox 460 1428 560 1494; x_wconf 90' lang='lat' dir='ltr'><strong>Bruti</strong></span> <span class='ocrx_word' id='word_1_100' title='bbox 588 1428 837 1512; x_wconf 78' lang='lat' dir='ltr'><strong>occupationem</strong></span> <span class='ocrx_word' id='word_1_101' title='bbox 865 1434 899 1492; x_wconf 90' lang='lat' dir='ltr'><strong>et</strong></span> <span class='ocrx_word' id='word_1_102' title='bbox 925 1434 1062 1512; x_wconf 88' lang='lat' dir='ltr'><strong>propter</strong></span> <span class='ocrx_word' id='word_1_103' title='bbox 1090 1427 1300 1493; x_wconf 87' lang='lat' dir='ltr'><strong>concordiam</strong></span> <span class='ocrx_word' id='word_1_104' title='bbox 1325 1428 1445 1493; x_wconf 88' lang='lat' dir='ltr'><strong>Planci</strong></span> <span class='ocrx_word' id='word_1_105' title='bbox 1473 1435 1506 1493; x_wconf 89' lang='lat' dir='ltr'><strong>et</strong></span> <span class='ocrx_word' id='word_1_106' title='bbox 1528 1429 1640 1507; x_wconf 88' lang='lat' dir='ltr'><strong>Bruti,</strong></span> <span class='ocrx_word' id='word_1_107' title='bbox 1674 1451 1773 1513; x_wconf 90' lang='lat' dir='ltr'><strong>quam</strong></span> <span class='ocrx_word' id='word_1_108' title='bbox 1899 1514 1901 1525; x_wconf 37' lang='grc' dir='ltr'>Ι</span> 
     </span>
    </p>
   </div>
   <div class='ocr_carea' id='block_1_7' title="bbox 197 1545 1773 1756">
    <p class='ocr_par' dir='ltr' id='par_1_7' title="bbox 197 1545 1773 1756">
     <span class='ocr_line' id='line_1_11' title="bbox 201 1545 1773 1634; baseline -0.002 -18"><span class='ocrx_word' id='word_1_109' title='bbox 201 1549 314 1616; x_wconf 89' lang='lat' dir='ltr'><strong>eodem</strong></span> <span class='ocrx_word' id='word_1_110' title='bbox 335 1550 408 1616; x_wconf 92' lang='lat' dir='ltr'><strong>loco</strong></span> <span class='ocrx_word' id='word_1_111' title='bbox 430 1556 563 1633; x_wconf 89' lang='lat' dir='ltr'><strong>praeter</strong></span> <span class='ocrx_word' id='word_1_112' title='bbox 586 1546 854 1613; x_wconf 89' lang='lat' dir='ltr'><strong>coniunctionem</strong></span> <span class='ocrx_word' id='word_1_113' title='bbox 876 1546 1003 1623; x_wconf 88' lang='lat' dir='ltr'><strong>laudat,</strong></span> <span class='ocrx_word' id='word_1_114' title='bbox 1037 1567 1120 1631; x_wconf 92' lang='lat' dir='ltr'><strong>quae</strong></span> <span class='ocrx_word' id='word_1_115' title='bbox 1149 1547 1239 1612; x_wconf 89' lang='lat' dir='ltr'><strong>aliud</strong></span> <span class='ocrx_word' id='word_1_116' title='bbox 1265 1545 1365 1630; x_wconf 88' lang='lat' dir='ltr'><strong>idque</strong></span> <span class='ocrx_word' id='word_1_117' title='bbox 1391 1568 1460 1612; x_wconf 92' lang='lat' dir='ltr'><strong>non</strong></span> <span class='ocrx_word' id='word_1_118' title='bbox 1487 1549 1598 1614; x_wconf 89' lang='lat' dir='ltr'><strong>minus</strong></span> <span class='ocrx_word' id='word_1_119' title='bbox 1626 1550 1773 1634; x_wconf 89' lang='lat' dir='ltr'><strong>amplum</strong></span> 
     </span>
     <span class='ocr_line' id='line_1_12' title="bbox 197 1665 1773 1756; baseline -0.001 -20"><span class='ocrx_word' id='word_1_120' title='bbox 197 1671 355 1756; x_wconf 88' lang='lat' dir='ltr'><strong>temporis</strong></span> <span class='ocrx_word' id='word_1_121' title='bbox 368 1669 525 1754; x_wconf 73' lang='lat' dir='ltr'><strong>&#39;spatium</strong></span> <span class='ocrx_word' id='word_1_122' title='bbox 553 1667 740 1752; x_wconf 78' lang='lat' dir='ltr'><strong>significare</strong></span> <span class='ocrx_word' id='word_1_123' title='bbox 768 1666 908 1732; x_wconf 90' lang='lat' dir='ltr'><strong>uidetur.</strong></span> <span class='ocrx_word' id='word_1_124' title='bbox 951 1665 1069 1750; x_wconf 88' lang='lat' dir='ltr'><strong>Neque</strong></span> <span class='ocrx_word' id='word_1_125' title='bbox 1099 1666 1173 1730; x_wconf 90' lang='lat' dir='ltr'><strong>aliis</strong></span> <span class='ocrx_word' id='word_1_126' title='bbox 1196 1666 1402 1751; x_wconf 78' lang='lat' dir='ltr'><strong>temporibus</strong></span> <span class='ocrx_word' id='word_1_127' title='bbox 1429 1675 1487 1733; x_wconf 88' lang='lat' dir='ltr'><strong>aut</strong></span> <span class='ocrx_word' id='word_1_128' title='bbox 1507 1667 1583 1733; x_wconf 90' lang='lat' dir='ltr'><strong>illos</strong></span> <span class='ocrx_word' id='word_1_129' title='bbox 1611 1677 1669 1734; x_wconf 90' lang='lat' dir='ltr'><strong>aut</strong></span> <span class='ocrx_word' id='word_1_130' title='bbox 1691 1669 1773 1735; x_wconf 89' lang='lat' dir='ltr'><strong>alios</strong></span> 
     </span>
    </p>
   </div>
   <div class='ocr_carea' id='block_1_8' title="bbox 196 1786 1814 1880">
    <p class='ocr_par' dir='ltr' id='par_1_8' title="bbox 196 1786 1814 1880">
     <span class='ocr_line' id='line_1_13' title="bbox 196 1786 1814 1880; baseline -0.001 -24"><span class='ocrx_word' id='word_1_131' title='bbox 196 1789 312 1856; x_wconf 89' lang='lat' dir='ltr'><strong>eadem</strong></span> <span class='ocrx_word' id='word_1_132' title='bbox 340 1788 510 1880; x_wconf 86' lang='lat' dir='ltr'><strong>celeritate</strong></span> <span class='ocrx_word' id='word_1_133' title='bbox 538 1787 579 1852; x_wconf 91' lang='lat' dir='ltr'><strong>ad</strong></span> <span class='ocrx_word' id='word_1_134' title='bbox 606 1795 760 1854; x_wconf 87' lang='lat' dir='ltr'><strong>senatum</strong></span> <span class='ocrx_word' id='word_1_135' title='bbox 788 1807 871 1870; x_wconf 90' lang='lat' dir='ltr'><strong>quae</strong></span> <span class='ocrx_word' id='word_1_136' title='bbox 897 1786 1083 1870; x_wconf 76' lang='lat' dir='ltr'><strong>gessissent</strong></span> <span class='ocrx_word' id='word_1_137' title='bbox 1111 1786 1284 1852; x_wconf 88' lang='lat' dir='ltr'><strong>rettulisse</strong></span> <span class='ocrx_word' id='word_1_138' title='bbox 1311 1786 1477 1865; x_wconf 87' lang='lat' dir='ltr'><strong>uidemus,</strong></span> <span class='ocrx_word' id='word_1_139' title='bbox 1511 1809 1576 1872; x_wconf 90' lang='lat' dir='ltr'><strong>qua</strong></span> <span class='ocrx_word' id='word_1_140' title='bbox 1601 1787 1699 1854; x_wconf 91' lang='lat' dir='ltr'><strong>hodie</strong></span> <span class='ocrx_word' id='word_1_141' title='bbox 1726 1790 1776 1856; x_wconf 87' lang='lat' dir='ltr'><strong>uti</strong></span> <span class='ocrx_word' id='word_1_142' title='bbox 1809 1791 1814 1798; x_wconf 82' lang='lat'>&#39;</span> 
     </span>
    </p>
   </div>
   <div class='ocr_carea' id='block_1_9' title="bbox 196 1906 1774 2112">
    <p class='ocr_par' dir='ltr' id='par_1_9' title="bbox 196 1906 1774 2112">
     <span class='ocr_line' id='line_1_14' title="bbox 196 1906 1774 1993; baseline -0.001 -18"><span class='ocrx_word' id='word_1_143' title='bbox 196 1911 315 1976; x_wconf 86' lang='lat' dir='ltr'><strong>solent.</strong></span> <span class='ocrx_word' id='word_1_144' title='bbox 359 1909 512 1991; x_wconf 89' lang='lat' dir='ltr'><strong>Denique</strong></span> <span class='ocrx_word' id='word_1_145' title='bbox 539 1909 613 1992; x_wconf 91' lang='lat' dir='ltr'><strong>ipsa</strong></span> <span class='ocrx_word' id='word_1_146' title='bbox 633 1908 793 1973; x_wconf 89' lang='lat' dir='ltr'><strong>uicesima</strong></span> <span class='ocrx_word' id='word_1_147' title='bbox 815 1906 960 1973; x_wconf 89' lang='lat' dir='ltr'><strong>secunda</strong></span> <span class='ocrx_word' id='word_1_148' title='bbox 982 1906 1102 1972; x_wconf 90' lang='lat' dir='ltr'><strong>decimi</strong></span> <span class='ocrx_word' id='word_1_149' title='bbox 1123 1906 1202 1975; x_wconf 88' lang='lat' dir='ltr'><strong>libri</strong></span> <span class='ocrx_word' id='word_1_150' title='bbox 1225 1906 1368 1992; x_wconf 87' lang='lat' dir='ltr'><strong>epistula</strong></span> <span class='ocrx_word' id='word_1_151' title='bbox 1390 1907 1479 1987; x_wconf 87' lang='lat' dir='ltr'><strong>facit,</strong></span> <span class='ocrx_word' id='word_1_152' title='bbox 1507 1915 1544 1973; x_wconf 90' lang='lat' dir='ltr'><strong>ut</strong></span> <span class='ocrx_word' id='word_1_153' title='bbox 1567 1909 1774 1993; x_wconf 89' lang='lat' dir='ltr'><strong>suspicemur</strong></span> 
     </span>
     <span class='ocr_line' id='line_1_15' title="bbox 196 2026 1774 2112; baseline -0.001 -18"><span class='ocrx_word' id='word_1_154' title='bbox 196 2029 394 2094; x_wconf 82' lang='lat' dir='ltr'><strong>Ciceronem</strong></span> <span class='ocrx_word' id='word_1_155' title='bbox 426 2051 494 2094; x_wconf 90' lang='lat' dir='ltr'><strong>non</strong></span> <span class='ocrx_word' id='word_1_156' title='bbox 528 2029 642 2094; x_wconf 88' lang='lat' dir='ltr'><strong>statim</strong></span> <span class='ocrx_word' id='word_1_157' title='bbox 675 2027 716 2092; x_wconf 90' lang='lat' dir='ltr'><strong>ad</strong></span> <span class='ocrx_word' id='word_1_158' title='bbox 748 2027 869 2092; x_wconf 89' lang='lat' dir='ltr'><strong>Planci</strong></span> <span class='ocrx_word' id='word_1_159' title='bbox 902 2026 1080 2111; x_wconf 87' lang='lat' dir='ltr'><strong>epistulam</strong></span> <span class='ocrx_word' id='word_1_160' title='bbox 1112 2027 1334 2112; x_wconf 81' lang='lat' dir='ltr'><strong>rescripsisse.</strong></span> <span class='ocrx_word' id='word_1_161' title='bbox 1389 2026 1484 2109; x_wconf 77' lang='lat' dir='ltr'><strong>Quae</strong></span> <span class='ocrx_word' id='word_1_162' title='bbox 1517 2050 1594 2094; x_wconf 90' lang='lat' dir='ltr'><strong>cum</strong></span> <span class='ocrx_word' id='word_1_163' title='bbox 1626 2028 1673 2094; x_wconf 88' lang='lat' dir='ltr'><strong>ita</strong></span> <span class='ocrx_word' id='word_1_164' title='bbox 1705 2030 1774 2094; x_wconf 90' lang='lat' dir='ltr'><strong>sint</strong></span> 
     </span>
    </p>
   </div>
   <div class='ocr_carea' id='block_1_10' title="bbox 141 2146 1772 2370">
    <p class='ocr_par' dir='ltr' id='par_1_10' title="bbox 141 2146 1772 2370">
     <span class='ocr_line' id='line_1_16' title="bbox 196 2146 1772 2232; baseline -0.001 -16"><span class='ocrx_word' id='word_1_165' title='bbox 196 2149 343 2216; x_wconf 91' lang='lat' dir='ltr'><strong>Planci</strong></span> <span class='ocrx_word' id='word_1_166' title='bbox 369 2149 587 2232; x_wconf 88' lang='lat' dir='ltr'><strong>epistulam</strong></span> <span class='ocrx_word' id='word_1_167' title='bbox 609 2168 722 2231; x_wconf 87' lang='lat' dir='ltr'><strong>quam</strong></span> <span class='ocrx_word' id='word_1_168' title='bbox 749 2169 820 2212; x_wconf 89' lang='lat' dir='ltr'><strong>nos</strong></span> <span class='ocrx_word' id='word_1_169' title='bbox 846 2167 924 2212; x_wconf 91' lang='lat' dir='ltr'><strong>non</strong></span> <span class='ocrx_word' id='word_1_170' title='bbox 951 2146 1141 2212; x_wconf 89' lang='lat' dir='ltr'><strong>habemus</strong></span> <span class='ocrx_word' id='word_1_171' title='bbox 1170 2147 1336 2212; x_wconf 88' lang='lat' dir='ltr'><strong>circiter</strong></span> <span class='ocrx_word' id='word_1_172' title='bbox 1356 2146 1453 2212; x_wconf 93' lang='lat' dir='ltr'><strong>Idus</strong></span> <span class='ocrx_word' id='word_1_173' title='bbox 1475 2147 1571 2224; x_wconf 83' lang='lat' dir='ltr'><strong>Iun,</strong></span> <span class='ocrx_word' id='word_1_174' title='bbox 1601 2147 1772 2215; x_wconf 80' lang='lat' dir='ltr'><strong>Ciceronis</strong></span> 
     </span>
     <span class='ocr_line' id='line_1_17' title="bbox 141 2263 1771 2370; baseline -0.001 -35"><span class='ocrx_word' id='word_1_175' title='bbox 141 2271 146 2286; x_wconf 62' lang='lat'>⁸</span> <span class='ocrx_word' id='word_1_176' title='bbox 197 2279 230 2335; x_wconf 92' lang='lat' dir='ltr'><strong>et</strong></span> <span class='ocrx_word' id='word_1_177' title='bbox 250 2269 310 2336; x_wconf 92' lang='lat' dir='ltr'><strong>has</strong></span> <span class='ocrx_word' id='word_1_178' title='bbox 332 2267 374 2334; x_wconf 87' lang='lat' dir='ltr'><strong>ad</strong></span> <span class='ocrx_word' id='word_1_179' title='bbox 395 2268 559 2334; x_wconf 90' lang='lat' dir='ltr'><strong>Plancum</strong></span> <span class='ocrx_word' id='word_1_180' title='bbox 582 2266 676 2333; x_wconf 89' lang='lat' dir='ltr'><strong>datas</strong></span> <span class='ocrx_word' id='word_1_181' title='bbox 697 2267 829 2332; x_wconf 86' lang='lat' dir='ltr'><strong>litteras</strong></span> <span class='ocrx_word' id='word_1_182' title='bbox 852 2266 913 2348; x_wconf 89' lang='lat' dir='ltr'><strong>(X.</strong></span> <span class='ocrx_word' id='word_1_183' title='bbox 936 2263 1010 2347; x_wconf 79' lang='lat'>22.)</span> <span class='ocrx_word' id='word_1_184' title='bbox 1038 2271 1072 2332; x_wconf 90' lang='lat' dir='ltr'><strong>et</strong></span> <span class='ocrx_word' id='word_1_185' title='bbox 1099 2267 1199 2330; x_wconf 88' lang='lat' dir='ltr'><strong>simul</strong></span> <span class='ocrx_word' id='word_1_186' title='bbox 1227 2288 1302 2332; x_wconf 91' lang='lat' dir='ltr'><strong>cum</strong></span> <span class='ocrx_word' id='word_1_187' title='bbox 1330 2268 1378 2332; x_wconf 93' lang='lat' dir='ltr'><strong>eis</strong></span> <span class='ocrx_word' id='word_1_188' title='bbox 1400 2266 1476 2333; x_wconf 90' lang='grc'><strong>11111</strong></span> <span class='ocrx_word' id='word_1_189' title='bbox 1499 2268 1540 2332; x_wconf 89' lang='lat' dir='ltr'><strong>ad</strong></span> <span class='ocrx_word' id='word_1_190' title='bbox 1561 2269 1605 2334; x_wconf 89' lang='lat' dir='ltr'><strong>D.</strong></span> <span class='ocrx_word' id='word_1_191' title='bbox 1627 2269 1771 2370; x_wconf 77' lang='lat' dir='ltr'><strong>Brutum</strong></span> 
     </span>
    </p>
   </div>
   <div class='ocr_carea' id='block_1_11' title="bbox 194 2356 1774 3562">
    <p class='ocr_par' dir='ltr' id='par_1_11' title="bbox 194 2356 1774 3072">
     <span class='ocr_line' id='line_1_18' title="bbox 194 2356 1773 2475; baseline 0 -21"><span class='ocrx_word' id='word_1_192' title='bbox 194 2391 315 2455; x_wconf 90' lang='lat' dir='ltr'><strong>missas</strong></span> <span class='ocrx_word' id='word_1_193' title='bbox 339 2389 413 2469; x_wconf 92' lang='lat' dir='ltr'>(XI.</span> <span class='ocrx_word' id='word_1_194' title='bbox 437 2390 502 2475; x_wconf 83' lang='lat'>15.)</span> <span class='ocrx_word' id='word_1_195' title='bbox 525 2388 693 2454; x_wconf 89' lang='lat' dir='ltr'><strong>ineunte</strong></span> <span class='ocrx_word' id='word_1_196' title='bbox 714 2407 848 2452; x_wconf 91' lang='lat' dir='ltr'><strong>mense</strong></span> <span class='ocrx_word' id='word_1_197' title='bbox 871 2356 1073 2467; x_wconf 77' lang='lat' dir='ltr'><strong>Quinctili</strong></span> <span class='ocrx_word' id='word_1_198' title='bbox 1100 2387 1241 2470; x_wconf 89' lang='lat' dir='ltr'><strong>scriptas</strong></span> <span class='ocrx_word' id='word_1_199' title='bbox 1264 2408 1337 2454; x_wconf 91' lang='lat' dir='ltr'><strong>esse</strong></span> <span class='ocrx_word' id='word_1_200' title='bbox 1360 2393 1554 2454; x_wconf 91' lang='lat' dir='ltr'><strong>statuemus.</strong></span> <span class='ocrx_word' id='word_1_201' title='bbox 1599 2388 1673 2471; x_wconf 75' lang='lat' dir='ltr'><strong>Quo</strong></span> <span class='ocrx_word' id='word_1_202' title='bbox 1698 2411 1773 2455; x_wconf 89' lang='lat' dir='ltr'><strong>cum</strong></span> 
     </span>
     <span class='ocr_line' id='line_1_19' title="bbox 195 2505 1774 2593; baseline 0 -19"><span class='ocrx_word' id='word_1_203' title='bbox 195 2516 346 2593; x_wconf 89' lang='lat' dir='ltr'><strong>tempore</strong></span> <span class='ocrx_word' id='word_1_204' title='bbox 367 2530 408 2574; x_wconf 90' lang='lat' dir='ltr'><strong>ea</strong></span> <span class='ocrx_word' id='word_1_205' title='bbox 432 2529 486 2574; x_wconf 91' lang='lat' dir='ltr'><strong>res</strong></span> <span class='ocrx_word' id='word_1_206' title='bbox 514 2507 684 2583; x_wconf 86' lang='lat' dir='ltr'><strong>conuenit,</strong></span> <span class='ocrx_word' id='word_1_207' title='bbox 712 2505 800 2590; x_wconf 89' lang='lat' dir='ltr'><strong>quod</strong></span> <span class='ocrx_word' id='word_1_208' title='bbox 825 2506 985 2572; x_wconf 88' lang='lat' dir='ltr'><strong>uicesima</strong></span> <span class='ocrx_word' id='word_1_209' title='bbox 1007 2512 1126 2590; x_wconf 87' lang='lat' dir='ltr'><strong>quarta</strong></span> <span class='ocrx_word' id='word_1_210' title='bbox 1153 2507 1297 2590; x_wconf 88' lang='lat' dir='ltr'><strong>epistula</strong></span> <span class='ocrx_word' id='word_1_211' title='bbox 1322 2527 1349 2572; x_wconf 92' lang='lat' dir='ltr'><strong>a.</strong></span> <span class='ocrx_word' id='word_1_212' title='bbox 1374 2506 1402 2572; x_wconf 89' lang='lat' dir='ltr'><strong>d.</strong></span> <span class='ocrx_word' id='word_1_213' title='bbox 1419 2507 1459 2574; x_wconf 86' lang='lat' dir='ltr'><strong>V.</strong></span> <span class='ocrx_word' id='word_1_214' title='bbox 1481 2507 1558 2573; x_wconf 89' lang='lat' dir='ltr'><strong>Kal.</strong></span> <span class='ocrx_word' id='word_1_215' title='bbox 1581 2505 1674 2575; x_wconf 79' lang='lat' dir='ltr'><strong>Sext.</strong></span> <span class='ocrx_word' id='word_1_216' title='bbox 1697 2509 1774 2574; x_wconf 89' lang='lat' dir='ltr'><strong>data</strong></span> 
     </span>
     <span class='ocr_line' id='line_1_20' title="bbox 196 2625 1772 2712; baseline 0 -18"><span class='ocrx_word' id='word_1_217' title='bbox 196 2636 262 2709; x_wconf 89' lang='grc'><strong>111,</strong></span> <span class='ocrx_word' id='word_1_218' title='bbox 295 2627 415 2712; x_wconf 91' lang='lat' dir='ltr'><strong>quibus</strong></span> <span class='ocrx_word' id='word_1_219' title='bbox 441 2628 564 2694; x_wconf 88' lang='lat' dir='ltr'><strong>litteris</strong></span> <span class='ocrx_word' id='word_1_220' title='bbox 591 2627 738 2694; x_wconf 89' lang='lat' dir='ltr'><strong>Plancus</strong></span> <span class='ocrx_word' id='word_1_221' title='bbox 771 2633 804 2691; x_wconf 93' lang='grc'><strong>11</strong></span> <span class='ocrx_word' id='word_1_222' title='bbox 836 2625 877 2692; x_wconf 89' lang='lat' dir='ltr'><strong>ad</strong></span> <span class='ocrx_word' id='word_1_223' title='bbox 904 2625 1200 2692; x_wconf 82' lang='lat' dir='ltr'><strong>duoetuicesimam</strong></span> <span class='ocrx_word' id='word_1_224' title='bbox 1230 2625 1401 2694; x_wconf 77' lang='lat' dir='ltr'><strong>Ciceronis</strong></span> <span class='ocrx_word' id='word_1_225' title='bbox 1433 2631 1466 2694; x_wconf 90' lang='lat' dir='ltr'><strong>et</strong></span> <span class='ocrx_word' id='word_1_226' title='bbox 1498 2628 1538 2693; x_wconf 88' lang='lat' dir='ltr'><strong>ad</strong></span> <span class='ocrx_word' id='word_1_227' title='bbox 1567 2628 1625 2694; x_wconf 91' lang='lat' dir='ltr'><strong>Cn.</strong></span> <span class='ocrx_word' id='word_1_228' title='bbox 1653 2629 1772 2696; x_wconf 91' lang='lat' dir='ltr'><strong>Planci</strong></span> 
     </span>
     <span class='ocr_line' id='line_1_21' title="bbox 196 2743 1772 2836; baseline 0.001 -24"><span class='ocrx_word' id='word_1_229' title='bbox 196 2749 309 2814; x_wconf 88' lang='lat' dir='ltr'><strong>fratris</strong></span> <span class='ocrx_word' id='word_1_230' title='bbox 331 2743 517 2833; x_wconf 83' lang='lat' dir='ltr'><strong>epistolam,</strong></span> <span class='ocrx_word' id='word_1_231' title='bbox 541 2768 624 2830; x_wconf 90' lang='lat' dir='ltr'><strong>quae</strong></span> <span class='ocrx_word' id='word_1_232' title='bbox 646 2747 682 2811; x_wconf 92' lang='lat' dir='ltr'><strong>iu</strong></span> <span class='ocrx_word' id='word_1_233' title='bbox 705 2767 743 2812; x_wconf 90' lang='lat' dir='ltr'><strong>ea</strong></span> <span class='ocrx_word' id='word_1_234' title='bbox 765 2752 1052 2823; x_wconf 88' lang='lat' dir='ltr'><strong>commemoratur,</strong></span> <span class='ocrx_word' id='word_1_235' title='bbox 1073 2745 1205 2811; x_wconf 90' lang='lat' dir='ltr'><strong>uidetur</strong></span> <span class='ocrx_word' id='word_1_236' title='bbox 1220 2747 1441 2830; x_wconf 86' lang='lat' dir='ltr'><strong>rescripsisse.</strong></span> <span class='ocrx_word' id='word_1_237' title='bbox 1474 2748 1549 2814; x_wconf 89' lang='lat' dir='ltr'><strong>Hoc</strong></span> <span class='ocrx_word' id='word_1_238' title='bbox 1564 2757 1603 2814; x_wconf 88' lang='lat' dir='ltr'><strong>nt</strong></span> <span class='ocrx_word' id='word_1_239' title='bbox 1616 2757 1772 2836; x_wconf 87' lang='lat' dir='ltr'><strong>putemus</strong></span> 
     </span>
     <span class='ocr_line' id='line_1_22' title="bbox 195 2866 1772 2954; baseline 0.001 -21"><span class='ocrx_word' id='word_1_240' title='bbox 195 2875 229 2934; x_wconf 91' lang='lat' dir='ltr'><strong>et</strong></span> <span class='ocrx_word' id='word_1_241' title='bbox 250 2889 333 2954; x_wconf 86' lang='lat' dir='ltr'><strong>quae</strong></span> <span class='ocrx_word' id='word_1_242' title='bbox 360 2869 400 2932; x_wconf 90' lang='lat' dir='ltr'><strong>in</strong></span> <span class='ocrx_word' id='word_1_243' title='bbox 423 2867 538 2952; x_wconf 71' lang='grc'><strong>11124.</strong></span> <span class='ocrx_word' id='word_1_244' title='bbox 560 2866 621 2946; x_wconf 65' lang='lat'><strong>52.</strong></span> <span class='ocrx_word' id='word_1_245' title='bbox 643 2867 802 2951; x_wconf 82' lang='lat' dir='ltr'><strong>leguntur</strong></span> <span class='ocrx_word' id='word_1_246' title='bbox 828 2866 957 2931; x_wconf 83' lang='lat' dir='ltr'><strong>faciunt</strong></span> <span class='ocrx_word' id='word_1_247' title='bbox 984 2867 1061 2948; x_wconf 90' lang='lat' dir='ltr'><strong>(‚De</strong></span> <span class='ocrx_word' id='word_1_248' title='bbox 1088 2866 1235 2934; x_wconf 87' lang='lat' dir='ltr'><strong>militum</strong></span> <span class='ocrx_word' id='word_1_249' title='bbox 1262 2867 1444 2934; x_wconf 89' lang='lat' dir='ltr'><strong>commodis</strong></span> <span class='ocrx_word' id='word_1_250' title='bbox 1472 2868 1536 2934; x_wconf 87' lang='lat' dir='ltr'><strong>fuit</strong></span> <span class='ocrx_word' id='word_1_251' title='bbox 1562 2868 1624 2934; x_wconf 89' lang='lat' dir='ltr'><strong>tibi</strong></span> <span class='ocrx_word' id='word_1_252' title='bbox 1652 2871 1772 2952; x_wconf 89' lang='lat' dir='ltr'><strong>curae’)</strong></span> 
     </span>
     <span class='ocr_line' id='line_1_23' title="bbox 195 2983 1202 3072; baseline -0.001 -18"><span class='ocrx_word' id='word_1_253' title='bbox 195 2995 334 3072; x_wconf 81' lang='lat' dir='ltr'><strong>atquae</strong></span> <span class='ocrx_word' id='word_1_254' title='bbox 358 2995 524 3054; x_wconf 89' lang='lat' dir='ltr'><strong>secuntur.</strong></span> <span class='ocrx_word' id='word_1_255' title='bbox 1199 2983 1202 2988; x_wconf 72' lang='grc'><strong>’</strong></span> 
     </span>
    </p>

    <p class='ocr_par' dir='ltr' id='par_1_12' title="bbox 194 3105 1771 3562">
     <span class='ocr_line' id='line_1_24' title="bbox 297 3105 1770 3190; baseline 0 -18"><span class='ocrx_word' id='word_1_256' title='bbox 297 3106 464 3189; x_wconf 77' lang='lat' dir='ltr'><strong>Quattuor</strong></span> <span class='ocrx_word' id='word_1_257' title='bbox 485 3105 646 3190; x_wconf 91' lang='lat' dir='ltr'><strong>epistulas</strong></span> <span class='ocrx_word' id='word_1_258' title='bbox 670 3105 802 3172; x_wconf 92' lang='lat' dir='ltr'><strong>silentio</strong></span> <span class='ocrx_word' id='word_1_259' title='bbox 828 3105 999 3190; x_wconf 87' lang='lat' dir='ltr'><strong>praeterii:</strong></span> <span class='ocrx_word' id='word_1_260' title='bbox 1033 3113 1198 3183; x_wconf 85' lang='lat' dir='ltr'><strong>octauam,</strong></span> <span class='ocrx_word' id='word_1_261' title='bbox 1226 3107 1417 3190; x_wconf 84' lang='lat' dir='ltr'><strong>septimam,</strong></span> <span class='ocrx_word' id='word_1_262' title='bbox 1448 3107 1770 3187; x_wconf 80' lang='lat' dir='ltr'><strong>sextamdecimam,</strong></span> 
     </span>
     <span class='ocr_line' id='line_1_25' title="bbox 195 3225 1770 3311; baseline 0 -19"><span class='ocrx_word' id='word_1_263' title='bbox 195 3228 294 3292; x_wconf 91' lang='lat' dir='ltr'><strong>unius</strong></span> <span class='ocrx_word' id='word_1_264' title='bbox 321 3235 356 3292; x_wconf 88' lang='lat' dir='ltr'><strong>et</strong></span> <span class='ocrx_word' id='word_1_265' title='bbox 381 3227 559 3292; x_wconf 91' lang='lat' dir='ltr'><strong>uicesimae</strong></span> <span class='ocrx_word' id='word_1_266' title='bbox 587 3233 716 3310; x_wconf 90' lang='lat' dir='ltr'><strong>partem</strong></span> <span class='ocrx_word' id='word_1_267' title='bbox 742 3226 888 3310; x_wconf 87' lang='lat' dir='ltr'><strong>priorem</strong></span> <span class='ocrx_word' id='word_1_268' title='bbox 916 3225 1045 3310; x_wconf 88' lang='lat' dir='ltr'><strong>(partic.</strong></span> <span class='ocrx_word' id='word_1_269' title='bbox 1066 3225 1206 3309; x_wconf 84' lang='lat'>1.-6.);</span> <span class='ocrx_word' id='word_1_270' title='bbox 1240 3226 1422 3310; x_wconf 86' lang='lat' dir='ltr'><strong>quibusda</strong></span> <span class='ocrx_word' id='word_1_271' title='bbox 1450 3227 1601 3311; x_wconf 88' lang='lat' dir='ltr'><strong>epistulis</strong></span> <span class='ocrx_word' id='word_1_272' title='bbox 1623 3249 1707 3311; x_wconf 87' lang='lat' dir='ltr'><strong>quae</strong></span> <span class='ocrx_word' id='word_1_273' title='bbox 1730 3227 1770 3293; x_wconf 88' lang='lat' dir='ltr'><strong>de</strong></span> 
     </span>
     <span class='ocr_line' id='line_1_26' title="bbox 196 3345 1771 3432; baseline 0.001 -20"><span class='ocrx_word' id='word_1_274' title='bbox 196 3346 330 3412; x_wconf 84' lang='lat' dir='ltr'><strong>Gruber</strong></span> <span class='ocrx_word' id='word_1_275' title='bbox 352 3347 470 3412; x_wconf 90' lang='lat' dir='ltr'><strong>statuit</strong></span> <span class='ocrx_word' id='word_1_276' title='bbox 483 3347 587 3430; x_wconf 91' lang='lat' dir='ltr'><strong>probo</strong></span> <span class='ocrx_word' id='word_1_277' title='bbox 609 3346 676 3412; x_wconf 90' lang='lat' dir='ltr'><strong>uisi</strong></span> <span class='ocrx_word' id='word_1_278' title='bbox 699 3346 785 3430; x_wconf 92' lang='lat' dir='ltr'><strong>qued</strong></span> <span class='ocrx_word' id='word_1_279' title='bbox 808 3354 961 3412; x_wconf 80' lang='lat' dir='ltr'><strong>sextam</strong></span> <span class='ocrx_word' id='word_1_280' title='bbox 984 3345 1173 3412; x_wconf 89' lang='lat' dir='ltr'><strong>decimam</strong></span> <span class='ocrx_word' id='word_1_281' title='bbox 1195 3346 1371 3412; x_wconf 88' lang='lat' dir='ltr'><strong>maluerim</strong></span> <span class='ocrx_word' id='word_1_282' title='bbox 1391 3346 1500 3413; x_wconf 90' lang='lat' dir='ltr'><strong>dicere</strong></span> <span class='ocrx_word' id='word_1_283' title='bbox 1521 3348 1657 3432; x_wconf 90' lang='lat' dir='ltr'><strong>paullo</strong></span> <span class='ocrx_word' id='word_1_284' title='bbox 1679 3355 1771 3432; x_wconf 87' lang='lat' dir='ltr'><strong>post</strong></span> 
     </span>
     <span class='ocr_line' id='line_1_27' title="bbox 194 3465 1770 3562; baseline 0.001 -30"><span class='ocrx_word' id='word_1_285' title='bbox 194 3467 331 3532; x_wconf 89' lang='lat' dir='ltr'><strong>Nonas</strong></span> <span class='ocrx_word' id='word_1_286' title='bbox 350 3466 489 3531; x_wconf 90' lang='lat' dir='ltr'><strong>Iunias</strong></span> <span class='ocrx_word' id='word_1_287' title='bbox 512 3466 623 3532; x_wconf 88' lang='lat' dir='ltr'><strong>datam</strong></span> <span class='ocrx_word' id='word_1_288' title='bbox 646 3487 720 3532; x_wconf 89' lang='grc'><strong>1111</strong></span> <span class='ocrx_word' id='word_1_289' title='bbox 742 3487 841 3562; x_wconf 82' lang='lat' dir='ltr'><strong>quam</strong></span> <span class='ocrx_word' id='word_1_290' title='bbox 863 3466 1007 3544; x_wconf 89' lang='lat' dir='ltr'><strong>‚circiter</strong></span> <span class='ocrx_word' id='word_1_291' title='bbox 1028 3465 1135 3531; x_wconf 89' lang='lat' dir='ltr'><strong>Nonis</strong></span> <span class='ocrx_word' id='word_1_292' title='bbox 1156 3465 1237 3531; x_wconf 69' lang='lat' dir='ltr'><strong>Iun?</strong></span> <span class='ocrx_word' id='word_1_293' title='bbox 1281 3466 1475 3552; x_wconf 89' lang='lat' dir='ltr'><strong>Respondet</strong></span> <span class='ocrx_word' id='word_1_294' title='bbox 1497 3468 1585 3532; x_wconf 91' lang='lat' dir='ltr'><strong>enim</strong></span> <span class='ocrx_word' id='word_1_295' title='bbox 1612 3467 1663 3552; x_wconf 89' lang='lat' dir='ltr'><strong>(id</strong></span> <span class='ocrx_word' id='word_1_296' title='bbox 1683 3468 1770 3552; x_wconf 89' lang='lat' dir='ltr'><strong>quod</strong></span> 
     </span>
    </p>
   </div>
   <div class='ocr_carea' id='block_1_12' title="bbox 194 3583 1769 3671">
    <p class='ocr_par' dir='ltr' id='par_1_13' title="bbox 194 3583 1769 3671">
     <span class='ocr_line' id='line_1_28' title="bbox 194 3583 1769 3671; baseline 0 -19"><span class='ocrx_word' id='word_1_297' title='bbox 194 3586 283 3652; x_wconf 83' lang='lat' dir='ltr'><strong>infra</strong></span> <span class='ocrx_word' id='word_1_298' title='bbox 300 3583 623 3669; x_wconf 84' lang='lat' dir='ltr'><strong>demonstrabimus)</strong></span> <span class='ocrx_word' id='word_1_299' title='bbox 652 3607 691 3652; x_wconf 90' lang='lat' dir='ltr'><strong>ea</strong></span> <span class='ocrx_word' id='word_1_300' title='bbox 718 3586 862 3670; x_wconf 90' lang='lat' dir='ltr'><strong>epistula</strong></span> <span class='ocrx_word' id='word_1_301' title='bbox 887 3585 1007 3652; x_wconf 88' lang='lat' dir='ltr'><strong>Planci</strong></span> <span class='ocrx_word' id='word_1_302' title='bbox 1033 3584 1331 3664; x_wconf 84' lang='lat' dir='ltr'><strong>duodeuicesimae,</strong></span> <span class='ocrx_word' id='word_1_303' title='bbox 1366 3607 1466 3669; x_wconf 88' lang='lat' dir='ltr'><strong>quam</strong></span> <span class='ocrx_word' id='word_1_304' title='bbox 1497 3609 1598 3671; x_wconf 90' lang='lat' dir='ltr'><strong>supra</strong></span> <span class='ocrx_word' id='word_1_305' title='bbox 1625 3586 1769 3652; x_wconf 88' lang='lat' dir='ltr'><strong>uidimus</strong></span> 
     </span>
    </p>
   </div>
   <div class='ocr_carea' id='block_1_13' title="bbox 196 3703 1783 3794">
    <p class='ocr_par' dir='ltr' id='par_1_14' title="bbox 196 3703 1783 3794">
     <span class='ocr_line' id='line_1_29' title="bbox 196 3703 1783 3794; baseline 0 -22"><span class='ocrx_word' id='word_1_306' title='bbox 196 3705 274 3772; x_wconf 73' lang='lat' dir='ltr'><strong>ad</strong></span> <span class='ocrx_word' id='word_1_307' title='bbox 297 3703 376 3771; x_wconf 86' lang='lat' dir='ltr'>XII.</span> <span class='ocrx_word' id='word_1_308' title='bbox 399 3704 474 3770; x_wconf 87' lang='lat' dir='ltr'><strong>Kal.</strong></span> <span class='ocrx_word' id='word_1_309' title='bbox 497 3703 571 3768; x_wconf 91' lang='lat' dir='ltr'><strong>Iun.</strong></span> <span class='ocrx_word' id='word_1_310' title='bbox 593 3704 704 3770; x_wconf 88' lang='lat' dir='ltr'><strong>datam</strong></span> <span class='ocrx_word' id='word_1_311' title='bbox 727 3726 813 3783; x_wconf 90' lang='lat' dir='ltr'><strong>esse,</strong></span> <span class='ocrx_word' id='word_1_312' title='bbox 841 3711 978 3770; x_wconf 86' lang='grc'><strong>11111111</strong></span> <span class='ocrx_word' id='word_1_313' title='bbox 1000 3705 1115 3771; x_wconf 91' lang='lat' dir='ltr'><strong>Nonas</strong></span> <span class='ocrx_word' id='word_1_314' title='bbox 1137 3705 1251 3770; x_wconf 89' lang='lat' dir='ltr'><strong>Iunias</strong></span> <span class='ocrx_word' id='word_1_315' title='bbox 1274 3706 1416 3770; x_wconf 88' lang='lat' dir='ltr'><strong>Romam</strong></span> <span class='ocrx_word' id='word_1_316' title='bbox 1444 3707 1558 3771; x_wconf 88' lang='lat' dir='ltr'><strong>uenire</strong></span> <span class='ocrx_word' id='word_1_317' title='bbox 1581 3727 1649 3772; x_wconf 91' lang='lat' dir='ltr'><strong>nou</strong></span> <span class='ocrx_word' id='word_1_318' title='bbox 1671 3713 1783 3794; x_wconf 84' lang='lat' dir='ltr'><strong>potu-&#39;</strong></span> 
     </span>
    </p>
   </div>
   <div class='ocr_carea' id='block_1_14' title="bbox 197 3824 1768 4031">
    <p class='ocr_par' dir='ltr' id='par_1_15' title="bbox 197 3824 1768 4031">
     <span class='ocr_line' id='line_1_30' title="bbox 198 3824 1768 3911; baseline 0.003 -23"><span class='ocrx_word' id='word_1_319' title='bbox 198 3825 267 3890; x_wconf 89' lang='lat' dir='ltr'><strong>erit.</strong></span> <span class='ocrx_word' id='word_1_320' title='bbox 295 3825 368 3890; x_wconf 92' lang='lat' dir='ltr'><strong>Iam</strong></span> <span class='ocrx_word' id='word_1_321' title='bbox 382 3825 517 3890; x_wconf 87' lang='lat' dir='ltr'><strong>Laeuus</strong></span> <span class='ocrx_word' id='word_1_322' title='bbox 534 3830 568 3888; x_wconf 89' lang='lat' dir='ltr'><strong>et</strong></span> <span class='ocrx_word' id='word_1_323' title='bbox 582 3824 695 3890; x_wconf 88' lang='lat' dir='ltr'><strong>Nerua</strong></span> <span class='ocrx_word' id='word_1_324' title='bbox 710 3825 812 3908; x_wconf 81' lang='lat' dir='ltr'><strong>legati</strong></span> <span class='ocrx_word' id='word_1_325' title='bbox 826 3824 969 3890; x_wconf 86' lang='lat' dir='ltr'><strong>Romam</strong></span> <span class='ocrx_word' id='word_1_326' title='bbox 984 3825 1079 3892; x_wconf 88' lang='lat' dir='ltr'><strong>missi</strong></span> <span class='ocrx_word' id='word_1_327' title='bbox 1095 3832 1129 3890; x_wconf 87' lang='lat' dir='ltr'><strong>et</strong></span> <span class='ocrx_word' id='word_1_328' title='bbox 1144 3824 1297 3890; x_wconf 89' lang='lat' dir='ltr'><strong>Ciceroni</strong></span> <span class='ocrx_word' id='word_1_329' title='bbox 1313 3826 1489 3911; x_wconf 90' lang='lat' dir='ltr'><strong>septimam</strong></span> <span class='ocrx_word' id='word_1_330' title='bbox 1505 3825 1666 3892; x_wconf 91' lang='lat' dir='ltr'><strong>decimam</strong></span> <span class='ocrx_word' id='word_1_331' title='bbox 1682 3828 1768 3911; x_wconf 93' lang='lat' dir='ltr'><strong>epis-</strong></span> 
     </span>
     <span class='ocr_line' id='line_1_31' title="bbox 197 3935 1768 4031; baseline 0.004 -26"><span class='ocrx_word' id='word_1_332' title='bbox 197 3942 302 4008; x_wconf 87' lang='lat' dir='ltr'><strong>tulam</strong></span> <span class='ocrx_word' id='word_1_333' title='bbox 322 3945 506 4009; x_wconf 87' lang='lat' dir='ltr'><strong>attulerunt</strong></span> <span class='ocrx_word' id='word_1_334' title='bbox 525 3947 589 4027; x_wconf 91' lang='lat' dir='ltr'><strong>(ep.</strong></span> <span class='ocrx_word' id='word_1_335' title='bbox 606 3943 655 4008; x_wconf 88' lang='grc'><strong>18.</strong></span> <span class='ocrx_word' id='word_1_336' title='bbox 678 3951 695 4023; x_wconf 81' lang='lat'>§</span> <span class='ocrx_word' id='word_1_337' title='bbox 712 3946 764 4027; x_wconf 91' lang='grc'><strong>1.),</strong></span> <span class='ocrx_word' id='word_1_338' title='bbox 775 3951 776 3954; x_wconf 75' lang='grc'>’</span> <span class='ocrx_word' id='word_1_339' title='bbox 788 3949 822 4008; x_wconf 87' lang='grc'><strong>11</strong></span> <span class='ocrx_word' id='word_1_340' title='bbox 841 3943 1032 4011; x_wconf 90' lang='lat' dir='ltr'><strong>consulibus</strong></span> <span class='ocrx_word' id='word_1_341' title='bbox 1048 3967 1104 4010; x_wconf 91' lang='lat' dir='ltr'><strong>cas</strong></span> <span class='ocrx_word' id='word_1_342' title='bbox 1118 3944 1258 4023; x_wconf 86' lang='lat' dir='ltr'><strong>litteras,</strong></span> <span class='ocrx_word' id='word_1_343' title='bbox 1281 3965 1362 4029; x_wconf 88' lang='lat' dir='ltr'><strong>quas</strong></span> <span class='ocrx_word' id='word_1_344' title='bbox 1378 3935 1545 4012; x_wconf 78' lang='lat' dir='ltr'><strong>Cicereia</strong></span> <span class='ocrx_word' id='word_1_345' title='bbox 1569 3946 1617 4010; x_wconf 89' lang='grc'><strong>16.</strong></span> <span class='ocrx_word' id='word_1_346' title='bbox 1634 3969 1683 4031; x_wconf 90' lang='lat' dir='ltr'><strong>ep.</strong></span> <span class='ocrx_word' id='word_1_347' title='bbox 1706 3954 1723 4026; x_wconf 60' lang='grc' dir='ltr'>ᾗ</span> <span class='ocrx_word' id='word_1_348' title='bbox 1740 3947 1768 4011; x_wconf 93' lang='grc'><strong>1.</strong></span> 
     </span>
    </p>
   </div>
   <div class='ocr_carea' id='block_1_15' title="bbox 196 4057 1810 4144">
    <p class='ocr_par' dir='ltr' id='par_1_16' title="bbox 196 4057 1810 4144">
     <span class='ocr_line' id='line_1_32' title="bbox 196 4057 1810 4144; baseline 0.004 -19"><span class='ocrx_word' id='word_1_349' title='bbox 196 4062 362 4144; x_wconf 73' lang='lat' dir='ltr'><strong>frequenti</strong></span> <span class='ocrx_word' id='word_1_350' title='bbox 384 4071 501 4130; x_wconf 89' lang='lat' dir='ltr'><strong>senatu</strong></span> <span class='ocrx_word' id='word_1_351' title='bbox 525 4063 674 4130; x_wconf 90' lang='lat' dir='ltr'><strong>Cornuto</strong></span> <span class='ocrx_word' id='word_1_352' title='bbox 696 4057 842 4130; x_wconf 87' lang='lat' dir='ltr'><strong>redditas</strong></span> <span class='ocrx_word' id='word_1_353' title='bbox 869 4084 941 4130; x_wconf 87' lang='lat' dir='ltr'><strong>esse</strong></span> <span class='ocrx_word' id='word_1_354' title='bbox 964 4063 1052 4130; x_wconf 90' lang='lat' dir='ltr'><strong>dicit.</strong></span> <span class='ocrx_word' id='word_1_355' title='bbox 1096 4064 1238 4130; x_wconf 85' lang='lat' dir='ltr'><strong>Factum</strong></span> <span class='ocrx_word' id='word_1_356' title='bbox 1266 4070 1317 4130; x_wconf 93' lang='lat' dir='ltr'><strong>est</strong></span> <span class='ocrx_word' id='word_1_357' title='bbox 1344 4085 1386 4129; x_wconf 83' lang='grc'><strong>111</strong></span> <span class='ocrx_word' id='word_1_358' title='bbox 1412 4065 1466 4129; x_wconf 90' lang='lat' dir='ltr'><strong>his</strong></span> <span class='ocrx_word' id='word_1_359' title='bbox 1487 4064 1610 4132; x_wconf 90' lang='lat' dir='ltr'><strong>litteris</strong></span> <span class='ocrx_word' id='word_1_360' title='bbox 1633 4075 1768 4132; x_wconf 89' lang='lat' dir='ltr'><strong>senatus</strong></span> <span class='ocrx_word' id='word_1_361' title='bbox 1807 4063 1810 4069; x_wconf 73' lang='grc'><strong>’</strong></span> 
     </span>
    </p>
   </div>
   <div class='ocr_carea' id='block_1_16' title="bbox 196 4179 1767 4268">
    <p class='ocr_par' dir='ltr' id='par_1_17' title="bbox 196 4179 1767 4268">
     <span class='ocr_line' id='line_1_33' title="bbox 196 4179 1767 4268; baseline 0.004 -22"><span class='ocrx_word' id='word_1_362' title='bbox 196 4179 387 4246; x_wconf 87' lang='lat' dir='ltr'><strong>consultum</strong></span> <span class='ocrx_word' id='word_1_363' title='bbox 409 4184 461 4263; x_wconf 83' lang='lat' dir='ltr'><strong>(cf.</strong></span> <span class='ocrx_word' id='word_1_364' title='bbox 482 4184 504 4248; x_wconf 94' lang='lat' dir='ltr'><strong>l.</strong></span> <span class='ocrx_word' id='word_1_365' title='bbox 520 4187 567 4268; x_wconf 88' lang='grc'><strong>1.),</strong></span> <span class='ocrx_word' id='word_1_366' title='bbox 591 4183 678 4267; x_wconf 92' lang='lat' dir='ltr'><strong>quod</strong></span> <span class='ocrx_word' id='word_1_367' title='bbox 700 4183 833 4250; x_wconf 87' lang='lat' dir='ltr'><strong>eosdem</strong></span> <span class='ocrx_word' id='word_1_368' title='bbox 854 4183 930 4249; x_wconf 90' lang='lat' dir='ltr'><strong>illos</strong></span> <span class='ocrx_word' id='word_1_369' title='bbox 952 4185 1081 4268; x_wconf 84' lang='lat' dir='ltr'><strong>legatos</strong></span> <span class='ocrx_word' id='word_1_370' title='bbox 1104 4183 1145 4249; x_wconf 88' lang='lat' dir='ltr'><strong>ad</strong></span> <span class='ocrx_word' id='word_1_371' title='bbox 1166 4184 1330 4252; x_wconf 89' lang='lat' dir='ltr'><strong>Plancum</strong></span> <span class='ocrx_word' id='word_1_372' title='bbox 1351 4185 1522 4251; x_wconf 88' lang='lat' dir='ltr'><strong>rettulisse</strong></span> <span class='ocrx_word' id='word_1_373' title='bbox 1544 4186 1616 4250; x_wconf 90' lang='lat' dir='ltr'><strong>ueri</strong></span> <span class='ocrx_word' id='word_1_374' title='bbox 1638 4185 1767 4252; x_wconf 88' lang='lat' dir='ltr'><strong>similli-</strong></span> 
     </span>
    </p>
   </div>
   <div class='ocr_carea' id='block_1_17' title="bbox 195 4287 1768 4636">
    <p class='ocr_par' dir='ltr' id='par_1_18' title="bbox 195 4287 1768 4636">
     <span class='ocr_line' id='line_1_34' title="bbox 195 4287 1768 4388; baseline 0.002 -22"><span class='ocrx_word' id='word_1_375' title='bbox 195 4287 288 4366; x_wconf 83' lang='lat' dir='ltr'><strong>mum</strong></span> <span class='ocrx_word' id='word_1_376' title='bbox 315 4307 380 4378; x_wconf 88' lang='lat' dir='ltr'><strong>est,</strong></span> <span class='ocrx_word' id='word_1_377' title='bbox 416 4323 458 4364; x_wconf 91' lang='lat' dir='ltr'><strong>ne</strong></span> <span class='ocrx_word' id='word_1_378' title='bbox 484 4323 543 4386; x_wconf 92' lang='lat' dir='ltr'><strong>pro</strong></span> <span class='ocrx_word' id='word_1_379' title='bbox 576 4310 666 4368; x_wconf 87' lang='lat' dir='ltr'><strong>certo</strong></span> <span class='ocrx_word' id='word_1_380' title='bbox 694 4301 809 4368; x_wconf 90' lang='lat' dir='ltr'><strong>dicam.</strong></span> <span class='ocrx_word' id='word_1_381' title='bbox 858 4301 943 4369; x_wconf 86' lang='lat' dir='ltr'><strong>Cum</strong></span> <span class='ocrx_word' id='word_1_382' title='bbox 974 4325 1055 4369; x_wconf 90' lang='lat' dir='ltr'><strong>uero</strong></span> <span class='ocrx_word' id='word_1_383' title='bbox 1081 4304 1229 4368; x_wconf 88' lang='lat' dir='ltr'><strong>Plancus</strong></span> <span class='ocrx_word' id='word_1_384' title='bbox 1257 4302 1558 4370; x_wconf 89' lang='lat' dir='ltr'><strong>duodeuicesimam</strong></span> <span class='ocrx_word' id='word_1_385' title='bbox 1590 4301 1768 4388; x_wconf 81' lang='lat' dir='ltr'><strong>epistulam</strong></span> 
     </span>
     <span class='ocr_line' id='line_1_35' title="bbox 196 4419 1767 4532; baseline 0.002 -46"><span class='ocrx_word' id='word_1_386' title='bbox 196 4419 356 4502; x_wconf 89' lang='lat' dir='ltr'><strong>postridie</strong></span> <span class='ocrx_word' id='word_1_387' title='bbox 379 4419 450 4485; x_wconf 87' lang='lat' dir='ltr'><strong>eius</strong></span> <span class='ocrx_word' id='word_1_388' title='bbox 472 4419 538 4485; x_wconf 87' lang='lat' dir='ltr'><strong>diei</strong></span> <span class='ocrx_word' id='word_1_389' title='bbox 558 4422 696 4500; x_wconf 83' lang='lat' dir='ltr'><strong>miserit,</strong></span> <span class='ocrx_word' id='word_1_390' title='bbox 724 4444 789 4505; x_wconf 92' lang='lat' dir='ltr'><strong>quo</strong></span> <span class='ocrx_word' id='word_1_391' title='bbox 811 4421 864 4488; x_wconf 92' lang='lat' dir='ltr'><strong>die</strong></span> <span class='ocrx_word' id='word_1_392' title='bbox 888 4423 1064 4506; x_wconf 89' lang='lat' dir='ltr'><strong>septimam</strong></span> <span class='ocrx_word' id='word_1_393' title='bbox 1084 4423 1247 4532; x_wconf 80' lang='lat' dir='ltr'><strong>decimam</strong></span> <span class='ocrx_word' id='word_1_394' title='bbox 1270 4422 1424 4502; x_wconf 87' lang='lat' dir='ltr'><strong>dedisset,</strong></span> <span class='ocrx_word' id='word_1_395' title='bbox 1453 4445 1517 4508; x_wconf 92' lang='lat' dir='ltr'><strong>quo</strong></span> <span class='ocrx_word' id='word_1_396' title='bbox 1539 4430 1688 4508; x_wconf 88' lang='lat' dir='ltr'><strong>tempore</strong></span> <span class='ocrx_word' id='word_1_397' title='bbox 1710 4445 1767 4489; x_wconf 89' lang='lat' dir='ltr'><strong>eae</strong></span> 
     </span>
     <span class='ocr_line' id='line_1_36' title="bbox 196 4537 1768 4636; baseline 0.004 -34"><span class='ocrx_word' id='word_1_398' title='bbox 196 4537 327 4604; x_wconf 89' lang='lat' dir='ltr'><strong>litterae</strong></span> <span class='ocrx_word' id='word_1_399' title='bbox 343 4537 497 4605; x_wconf 86' lang='lat' dir='ltr'><strong>Ciceroni</strong></span> <span class='ocrx_word' id='word_1_400' title='bbox 520 4547 599 4605; x_wconf 89' lang='lat' dir='ltr'><strong>sunt</strong></span> <span class='ocrx_word' id='word_1_401' title='bbox 620 4539 776 4618; x_wconf 89' lang='lat' dir='ltr'><strong>redditae,</strong></span> <span class='ocrx_word' id='word_1_402' title='bbox 798 4542 926 4626; x_wconf 79' lang='lat' dir='ltr'><strong>legatos</strong></span> <span class='ocrx_word' id='word_1_403' title='bbox 949 4543 1138 4607; x_wconf 89' lang='lat' dir='ltr'><strong>etiamtum</strong></span> <span class='ocrx_word' id='word_1_404' title='bbox 1153 4543 1280 4608; x_wconf 90' lang='lat' dir='ltr'><strong>Romae</strong></span> <span class='ocrx_word' id='word_1_405' title='bbox 1295 4543 1399 4636; x_wconf 82' lang='lat' dir='ltr'><strong>fuisse</strong></span> <span class='ocrx_word' id='word_1_406' title='bbox 1421 4563 1496 4608; x_wconf 91' lang='lat' dir='ltr'><strong>cum</strong></span> <span class='ocrx_word' id='word_1_407' title='bbox 1517 4564 1571 4608; x_wconf 91' lang='lat' dir='ltr'><strong>res</strong></span> <span class='ocrx_word' id='word_1_408' title='bbox 1593 4542 1667 4627; x_wconf 90' lang='lat' dir='ltr'><strong>ipsa</strong></span> <span class='ocrx_word' id='word_1_409' title='bbox 1687 4543 1768 4610; x_wconf 84' lang='lat' dir='ltr'><strong>facit</strong></span> 
     </span>
    </p>
   </div>
   <div class='ocr_carea' id='block_1_18' title="bbox 196 4651 1766 4836">
    <p class='ocr_par' dir='ltr' id='par_1_19' title="bbox 196 4651 1766 4836">
     <span class='ocr_line' id='line_1_37' title="bbox 196 4651 1766 4748; baseline 0.006 -28"><span class='ocrx_word' id='word_1_410' title='bbox 196 4651 235 4720; x_wconf 85' lang='lat' dir='ltr'><strong>ut</strong></span> <span class='ocrx_word' id='word_1_411' title='bbox 255 4664 418 4740; x_wconf 90' lang='lat' dir='ltr'><strong>putemus,</strong></span> <span class='ocrx_word' id='word_1_412' title='bbox 441 4666 514 4724; x_wconf 90' lang='lat' dir='ltr'><strong>tum</strong></span> <span class='ocrx_word' id='word_1_413' title='bbox 536 4681 576 4724; x_wconf 92' lang='lat' dir='ltr'><strong>ea</strong></span> <span class='ocrx_word' id='word_1_414' title='bbox 597 4661 818 4746; x_wconf 86' lang='lat' dir='ltr'><strong>reprobatur,</strong></span> <span class='ocrx_word' id='word_1_415' title='bbox 841 4661 927 4744; x_wconf 91' lang='lat' dir='ltr'><strong>quod</strong></span> <span class='ocrx_word' id='word_1_416' title='bbox 943 4661 1059 4727; x_wconf 88' lang='lat' dir='ltr'><strong>Cicero</strong></span> <span class='ocrx_word' id='word_1_417' title='bbox 1076 4663 1249 4747; x_wconf 84' lang='lat' dir='ltr'><strong>rescripsit</strong></span> <span class='ocrx_word' id='word_1_418' title='bbox 1264 4663 1305 4728; x_wconf 91' lang='lat' dir='ltr'><strong>ad</strong></span> <span class='ocrx_word' id='word_1_419' title='bbox 1320 4662 1619 4728; x_wconf 89' lang='lat' dir='ltr'><strong>duodeuicesimam</strong></span> <span class='ocrx_word' id='word_1_420' title='bbox 1641 4664 1766 4748; x_wconf 89' lang='lat' dir='ltr'><strong>epistu-</strong></span> 
     </span>
     <span class='ocr_line' id='line_1_38' title="bbox 1529 4783 1564 4836; baseline 0 -24"><span class='ocrx_word' id='word_1_421' title='bbox 1529 4783 1564 4836; x_wconf 84' lang='lat'><strong>3*</strong></span> 
     </span>
    </p>
   </div>
   <div class='ocr_carea' id='block_1_19' title="bbox 0 0 2050 5438">
    <p class='ocr_par' dir='ltr' id='par_1_20' title="bbox 0 0 2050 5438">
     <span class='ocr_line' id='line_1_39' title="bbox 0 0 2050 5438; baseline 0 1"><span class='ocrx_word' id='word_1_422' title='bbox 0 0 2050 5438; x_wconf 95' lang='lat' dir='ltr'><strong> </strong></span> 
     </span>
    </p>
   </div>
  </div>
 </body>
</html>
