4090 5438
848 276 1169 348 ..-6-·..

222 485 301 544 8818
324 499 422 563 quam
445 499 472 542 a.
495 476 617 544 dVII.
638 478 686 542 Id.
710 477 798 557 Oct,
826 501 890 563 quo
911 479 1080 544 Antonius
1108 499 1151 544 ex
1177 479 1259 544 urbe
1286 479 1370 544 exiit
1392 447 1633 560 (Mirissimus
1656 476 1799 546 Schuetz

120 617 126 632 ¹
222 598 262 664 de
289 598 398 696 medio
426 597 564 664 Octobri
597 598 787 682 cogitabat).
830 599 946 682 Neque
977 597 1173 666 mirabimur
1201 597 1396 669 Ciceronem
1427 619 1471 662 ne
1503 608 1640 682 tangere
1668 599 1800 683 quidem

223 717 455 802 proficiscendi
478 718 663 796 consilium,
686 718 808 804 quippe
831 716 918 802 quod
939 718 1008 784 11118
1021 717 1147 784 diebus
1168 718 1318 785 nondum
1340 718 1474 801 ceperit.

324 839 501 903 Tertiam
522 837 601 903 libri
611 838 654 902 X.
677 838 864 920 epistulam,
887 859 988 922 quam
1014 837 1181 905 Craeuius
1208 845 1243 904 et
1268 837 1411 906 Schuetz
1425 859 1522 904 anno
1543 838 1698 906 DCCXI.
1719 839 1799 906 mis·

224 979 295 1024 som
322 979 396 1024 8888
421 955 598 1024 uoluerant
624 956 724 1040 (alter
745 964 821 1024 uter
841 979 992 1024 mensem
1014 957 1106 1024 addit
1127 957 1348 1040 Ianuarium),
1376 958 1557 1041 superioris
1583 960 1695 1042 881188
1721 959 1801 1024 8881

223 1099 297 1144 8888
319 1077 360 1143 18
383 1077 516 1144 Cruber
537 1078 557 1142 1.
581 1099 606 1142 s.
628 1075 894 1161 8883118881.
937 1077 1054 1166 Neque
1077 1075 1221 1144 Schuetz
1246 1099 1359 1144 errore
1382 1085 1498 1162 ceptus
1522 1085 1620 1155 esset,
1648 1078 1800 1144 8188118-

223 1219 300 1264 888
327 1218 410 1280 8888
436 1196 613 1264 1818888111
638 1197 728 1262 iuter
750 1196 922 1266 Ciceronis
950 1203 984 1261 et
1004 1196 1124 1262 Planci
1152 1197 1313 1281 epistulas
1339 1197 1552 1280 respexisset
1595 1197 1685 1263 Huic
1711 1199 1800 1264 enim

223 1317 341 1384 1881188
372 1317 418 1382 M.
450 1317 541 1382 ualli
573 1317 735 1400 epistulae
767 1316 859 1382 111188
891 1315 1072 1400 respondet
1104 1317 1248 1400 epistula
1280 1323 1412 1400 quarta,
1446 1336 1546 1399 quam
1577 1338 1692 1382 mense
1719 1316 1800 1383 Dec.

223 1460 250 1502 a.
265 1436 402 1504 DCCX.
423 1436 534 1518 datam
556 1458 630 1502 asse
653 1436 823 1521 exipsius
848 1437 1031 1520 8881188188
1057 1458 1141 1520 quar
1141 1443 1194 1502 tae
1141 1435 1330 1502 tuarbis
1352 1435 1578 1519 intellegimus
1601 1435 1667 1500 his:
1706 1434 1801 1514 ,Sum

221 1559 259 1622 in
286 1557 517 1664 expectatione
544 1533 694 1650 omnium
720 1577 847 1635 rerum,
880 1556 995 1640 quid
986 1579 1022 1622 18
1050 1555 1163 1622 Callia
1190 1555 1359 1632 citeriore,
1393 1554 1514 1638 quid
1504 1577 1541 1620 rn
1572 1555 1654 1622 urbe
1685 1577 1802 1622 mense

222 1665 377 1742 Ianuario
410 1657 545 1762 geratur
576 1683 615 1740 81
648 1676 768 1741 seiam'
815 1659 933 1760 Itaque
967 1698 1043 1742 cum
1071 1674 1257 1746 11818818Ι
1249 1695 1321 1759 1888
1354 1674 1440 1740 hanc
1470 1675 1591 1742 Planci
1624 1675 1803 1760 epistulam

222 1819 310 1864 anno
330 1795 467 1864 DCCX.
490 1795 711 1873 attribuisset,
744 1817 881 1862 necesse
903 1796 968 1862 fuit
1001 1795 1101 1860 aliam
1128 1795 1273 1878 aliquam
1305 1795 1470 1860 rationem
1501 1795 1694 1864 interillos
1721 1795 1802 1862 duas

186 1987 192 1999 ι
223 1918 385 2002 epistulas
412 1923 575 2000 statueret
601 1915 815 1982 intercedere.
860 1915 1071 1999 Quicumque
1098 1934 1179 1981 uero
1206 1921 1297 1980 ante'
1312 1935 1411 1998 quam
1437 1914 1595 1981 i‘udicium
1621 1917 1721 1982 faciat
1748 1937 1803 1984 888

223 2037 314 2122 leget
334 2059 403 2102 non
425 2035 602 2114 dubitabit,
630 2036 711 2119 quin
733 2043 851 2119 quarte
872 2035 1018 2120 88181818
1038 2035 1081 2100 81
1102 2036 1236 2102 tertiam
1261 2035 1424 2118 rescripta
1446 2035 1499 2100 sit
1542 2036 1689 2102 Plancus
1712 2037 1802 2102 enim

224 2158 391 2291 Furnium
409 2158 558 2242 legatum
579 2157 722 2222 Romam
748 2157 887 2222 miserat
914 2157 1009 2240 eique
1035 2131 1193 2222 mandeba
1214 2154 1351 2220 dederat
1377 2175 1453 2220 cum
1480 2152 1522 2220 81
1549 2155 1632 2220 81188
1660 2164 1732 2221 tum
1759 2156 1815 2222 81·

225 2245 297 2346 Cic
304 2297 429 2344 runem
483 2277 549 2343 Hie
583 2297 658 2342 cum
691 2277 808 2342 consul
840 2276 898 2341 ille
925 2275 1078 2360 designat
1078 2297 1118 2342 us
1144 2275 1298 2361 pluribus
1327 2274 1444 2340 uerbis
1467 2274 1694 2342 admonendus
1726 2297 1800 2342 8888

223 2287 402 2500 8111118188,
425 2419 467 2464 88
490 2398 559 2462 8818
582 2395 723 2475 deesset,
745 2397 855 2481 legato
877 2395 932 2462 litt
918 2402 1007 2462 teras
1031 2396 1087 2480 (X.
1103 2397 1146 2478 3.)
1169 2395 1305 2460 dederat
1327 2395 1368 2460 ad
1389 2394 1555 2460 Plancum
1575 2395 1800 2480 perferendas

225 2514 398 2602 Quodita
424 2519 528 2584 181888
548 2518 645 2596 facile
666 2516 907 2602 perspiciemus
934 2517 963 2582 si
989 2516 1098 2600 prima
1119 2515 1238 2582 Planci
1264 2515 1371 2599 188188
1398 2513 1501 2580 uerba
1527 2515 1624 2581 haec:
1656 2515 1800 2593 ,Cratis-
1912 2497 1916 2504 ⁴

225 2641 328 2705 simae
354 2637 438 2704 mihi
465 2647 542 2703 tuae
563 2638 696 2704 litterae
722 2638 871 2714 fuerumt,
899 2635 1184 2728 888888118181,
1208 2655 1361 2700 8888888
1387 2640 1421 2700 18
1449 2634 1624 2719 scripsisse
1652 2611 1801 2702 animad-

224 2758 318 2825 uerti'
346 2757 595 2824 contendemus
612 2729 687 2824 88111
714 2757 782 2822 illis
805 2756 970 2835 Tullianis
993 2756 1100 2842 (§·l.):
1134 2753 1231 2830 ,Cum
1256 2755 1368 2838 ipsum
1389 2753 1555 2819 Furnium
1581 2775 1642 2838 per
1669 2777 1706 2820 se
1732 2755 1802 2820 uidi
1842 2735 1846 2745 ⁵

224 2877 458 2966 libentissime,
491 2885 564 2943 tum
591 2877 653 2944 hoc
679 2877 838 2966 libentius
866 2876 953 2960 quod
985 2876 1083 2968 illum
1109 2873 1247 2940 audiens
1274 2881 1307 2940 18
1339 2873 1478 2939 uidebar
1505 2873 1627 2939 audire'
1661 2881 1696 2940 et
1723 2897 1752 2958 8.
1775 2897 1800 2942 8.

227 2996 315 3065 Sunt
341 3005 454 3064 autem
474 3006 647 3082 praeterea
669 3017 752 3081 quae
779 2997 868 3063 idem
894 2996 1071 3062 declarent.
1116 2993 1233 3070 Cicero
1261 2995 1351 3060 enim
1374 3014 1453 3060 8888
1480 2993 1643 3078 epistulae
1669 2995 1800 3078 88812.

226 3140 310 3203 quae
331 3119 593 3192 necessitudines
610 3138 773 3202 quamque
794 3124 926 3182 8818188
949 3116 1013 3182 sibi
1033 3136 1110 3180 cum
1124 3115 1250 3181 Planco
1274 3121 1387 3182 essent
1409 3115 1555 3198 exponit,
1578 3121 1617 3178 ut
1630 3113 1683 3180 bis
1705 3115 1801 3181 nisus

224 3241 421 3324 profiteatur
448 3259 484 3304 se
499 3239 603 3304 nulla
629 3260 665 3304 re
692 3239 759 3304 8181
786 3258 846 3303 888
874 3257 953 3320 erga
979 3237 1143 3302 Plancum
1169 3256 1281 3300 amore
1308 3240 1512 3327 commotum
1538 3232 1650 3300 missis
1677 3233 1733 3300 litt
1719 3235 1801 3300 18818

225 3381 302 3426 eum
324 3357 549 3434 8188881888,
578 3377 677 3440 quem
704 3359 805 3422 sciret
831 3377 894 3422 nec
914 3356 1051 3421 monitis
1074 3376 1172 3440 egere
1193 3376 1256 3420 nec
1276 3353 1473 3439 praeceptis.
1518 3352 1608 3434 Quid
1630 3353 1718 3437 quod
1739 3354 1801 3420 hac
1849 3429 1853 3438 ι

226 3477 476 3562 adseueratione
492 3476 627 3561 prolata
644 3477 708 3542 sibi
729 3475 818 3540 idem
839 3475 961 3540 iterum
983 3473 1226 3540 adfirmandum
1247 3495 1321 3540 8888
1342 3479 1448 3558 88181,
1471 3493 1514 3538 88
1529 3473 1616 3538 forte
1631 3473 1802 3540 hominem

226 3597 278 3664 881
305 3605 472 3662 8888188
497 3595 634 3672 laedat?
670 3595 743 3660 Iam
768 3594 915 3686 Plancus
941 3597 1014 3678 ipse
1042 3617 1172 3678 quoque
1200 3595 1270 3660 suis
1297 3593 1419 3658 litteris
1445 3593 1593 3677 primum
1617 3595 1800 3660 necessitu-

226 3717 320 3784 dines
342 3717 418 3782 illas
441 3721 690 3806 commemorat,
718 3714 836 3804 deinde
859 3736 895 3780 88
917 3714 1084 3782 facturum
1107 3735 1181 3780 8888
1202 3713 1377 3797 pollicetur
1400 3687 1484 3796 quae
1508 3711 1625 3779 Cicero
1647 3714 1800 3778 188188-

224 3837 338 3914 luerit,
366 3835 507 3919 denique
534 3835 605 3900 eius
628 3835 890 3901 cohortationem
918 3855 953 3899 se
981 3840 1221 3900 commoturum
1242 3833 1346 3898 181888
1373 3829 1562 3917 profitetur]
1586 3833 1615 3898 81
1641 3853 1800 3917 umquam

226 3957 323 4032 aliter
344 3957 417 4042 ipse
444 3955 611 4020 sensisset.
655 3954 832 4021 Postremo
859 3954 982 4019 iterum
1009 3961 1107 4037 atque
1133 3954 1258 4018 iterum
1285 3974 1320 4018 se
1349 3959 1383 4018 et
1405 3950 1558 4019 Ciceroni
1585 3958 1620 4016 et
1646 3952 1801 4019 omnibus

113 4167 115 4172 Ι
226 4077 308 4144 uiris
323 4077 419 4142 bonis
443 4075 690 4140 satisfacturum
712 4095 785 4140 esee
800 4075 975 4158 promittit.
1008 4073 1191 4156 Utriusque
1213 4072 1318 4158 igitur
1338 4071 1500 4155 epistulae
1521 4071 1610 4136 idem
1625 4071 1802 4138 consilium

227 4204 286 4275 est,
310 4195 426 4261 eadem
447 4196 542 4272 ratio,
565 4193 654 4272 idem
675 4193 920 4259 sententiarum
942 4191 1030 4258 ordo.
1069 4191 1259 4274 Quidxuero
1282 4191 1369 4275 quod
1390 4192 1452 4256 hac
1476 4191 1661 4272 sententiae
1683 4212 1744 4276 per
1766 4211 1801 4268 88

226 4321 393 4402 spectatae
420 4315 502 4382 item
530 4313 703 4380 Tullianae
731 4313 894 4398 epistulae
921 4335 982 4380 nos
1014 4312 1327 4388 commonefaciunt,
1360 4317 1398 4376 ut
1424 4332 1493 4378 888
1520 4311 1629 4378 solum
1659 4309 1803 4394 epistula

224 4436 343 4501 Planci
366 4434 536 4501 Ciceronis
559 4434 722 4518 epistulae
744 4431 945 4517 respondere
968 4431 1135 4510 uideatur,
1164 4430 1222 4497 881
1249 4431 1421 4496 enuntiata
1444 4431 1585 4516 singulis
1611 4429 1802 4508 enuntiatis,

225 4555 328 4621 uerba
349 4555 469 4620 uerbis.
514 4554 570 4620 An
591 4553 749 4618 differunt
771 4574 855 4636 quae
877 4551 935 4641 ille
957 4553 993 4616 in
1015 4552 1121 4618 altera
1142 4551 1306 4635 particula
1328 4551 1462 4635 scripsit
1482 4550 1576 4614 haec:
1602 4548 1801 4630 ,Quaecum-

228 4697 291 4760 que
311 4677 349 4741 in
370 4695 423 4739 me
446 4674 532 4739 bona
554 4681 633 4739 sunt
655 4681 713 4739 881
726 4673 880 4738 fortunae
895 4673 1055 4740 beneficio
1078 4671 1204 4737 tributa
1226 4677 1283 4736 aut
1304 4669 1506 4752 meolabore
1525 4667 1629 4754 parta’
1652 4689 1801 4751 quaeque
