4090 5438
833 253 1154 370 435„-

207 500 333 566 eisdem
354 500 461 565 rebus.
496 498 789 584 6666666116
811 505 923 582 gestas
941 498 1056 566 Oiccro
1080 500 1210 564 senatui
1232 503 1343 582 gratas
1365 500 1469 565 fuisse
1491 500 1585 577 dicit,
1613 521 1671 566 eac
1694 512 1781 579 sunt,

208 619 249 685 dc
273 619 395 703 quibus
412 619 530 702 quinta
551 617 679 684 decima
701 617 845 702 epistula
866 618 912 682 M.
929 617 1077 683 Tullium
1093 618 1240 684 Plancus
1263 620 1437 685 certiorem
1458 621 1546 697 fecit,
1570 639 1646 686 cum
1666 621 1783 705 666616
1873 706 1875 714 Α

208 739 324 806 diebus
347 737 423 804 arite
446 743 524 822 (quo
547 737 602 803 die·
622 737 830 803 undecimam
853 737 1000 822 scripsit)
1023 738 1058 802 in
1081 737 1318 824 Allobrogibus
1345 740 1562 818 constitisset,¹
1585 747 1624 805 61
1642 738 1783 824 proinde

207 859 256 924 ad·
272 857 385 924 omnia-
403 867 539 943 paratus
562 865 667 938 esses
687 858 774 942 quod
796 858 1036 924 autemlaudat
1059 858 1300 925 sententiarum
1316 857 1559 942 uerborumque
1573 861 1782 944 grauitatem,

206 981 277 1044 6661
290 979 471 1044 6661661166
499 959 647 1071 61661611
674 979 806 1062 generis
832 978 937 1043 fuisse
963 985 1060 1062 puto,
1088 979 1181 1044 cuius
1209 969 1402 1044 undecimae
1430 979 1593 1064 epistulae
1622 983 1653 1060 (ᾗ
1675 978 1729 1062 {ib
1749 986 1784 1044 et

206 1098 288 1164 haec
310 1106 375 1164 est:-
398 1097 514 1182 ,Oupio
529 1099 736 1165 mehercules
759 1099 887 1166 nullam
908 1095 1075 1165 1661166111
1096 1098 1355 1164 sollicitudinem
1378 1120 1465 1178 esse;
1489 1099 1547 1164 sed
1560 1078 1591 1164 si
1605 1100 1708 1166 fuerit
1721 1119 1783 1164 nec

206 1220 316 1284 animo
338 1239 400 1286 nec
419 1219 754 1284 beneuolentiaenec
769 1219 956 1303 patientiae
979 1219 1174 1302 cuiusquam
1195 1241 1256 1303 pro
1279 1218 1375 1284 uobis
1398 1219 1519 1285 cedam’
1543 1226 1577 1285 et
1598 1219 1669 1284 illa:
1695 1218 1784 1297 ,Non

205 1361 270 1406 me·
285 1339 458 1422 inpedient
478 1340 629 1422 priuatae
651 1339 860 1418 offensiones,
884 1361 949 1422 quo
970 1339 1082 1404 minus
1104 1360 1164 1422 pro
1193 1339 1243 1404 161
1264 1338 1416 1422 publicae
1443 1339 1550 1404 salute
1579 1340 1679 1404 ctiam
1707 1360 1783 1404 cum
1859 1396 1864 1402 .

205 1459 436 1524 inimicissimo
460 1459 684 1525 consentiam'.
723 1458 840 1543 Itaque
864 1459 980 1525 Cicero
1003 1433 1286 1524 undeuicesimum
1309 1458 1486 1542 epistulam
1510 1457 1555 1524 ad
1572 1464 1642 1524 tres
1664 1459 1784 1525 Planci

206 1579 366 1675 epistulas
381 1579 562 1663 rescripsit,
585 1579 802 1657 undecimam,
820 1580 970 1662 quintam
984 1556 1154 1656 decimam,
1171 1578 1338 1662 publicam
1354 1577 1532 1662 quandam3
1554 1579 1638 1644 11661
1653 1586 1783 1646 sextam

206 1700 368 1766 decimam
381 1699 489 1765 tribus
505 1700 658 1783 epistulis
680 1700 881 1784 respondere
897 1699 997 1765 modo
1008 1699 1163 1777 uidimus,
1184 1697 1415 1764 duodecimam
1430 1697 1557 1765 duabus
1574 1705 1607 1764 61
1618 1700 1784 1785 septimae
1882 1728 1885 1734 ¹

206 1827 240 1885 et
262 1815 405 1886 octauae·
420 1819 581 1902 publicae.
1463 1825 1467 1830 '

306 1921 574 2006 Iam'redcamus
589 1940 630 2004 ad
645 1961 702 2006 666
717 1962 798 2024 quas
818 1921 1104 2024 praetermisimus
1124 1939 1284 2023 epistulas
1308 1939 1515 2022 septimam
1539 1917 1785 2006 1661666161

207 2051 579 2138 1661661666116661,
608 2059 790 2144 dequibus
816 2060 900 2125 mihi
927 2059 1131 2126 coniunctim
1157 2079 1235 2124 cum
1261 2073 1311 2142 ep'.
1334 2057 1526 2124 uicesima
1552 2065 1586 2124 et
1611 2036 1783 2142 utraque

207 2203 282 2246 una
301 2187 342 2246 et
363 2181 557 2246 uicesima
579 2179 643 2262 (21.
660 2179 799 2263 61211.)
828 2180 992 2264 agendum
1014 2178 1155 2244 uidetur.
1181 2177 1598 2262 Ι(1661616,661616161616
1623 2179 1784 2245 uicesima

209 2300 378 2366 Ciceronis
401 2307 461 2380 est,
485 2307 614 2386 ceterae
628 2300 755 2366 Planci.
787 2300 851 2365 Ille
866 2306 978 2366 autem
993 2320 1068 2364 cum
1084 2298 1283 2381 aliquotiens
1298 2319 1399 2362 unam
1418 2298 1596 2381 epistulam
1611 2297 1653 2363 61
1667 2298 1785 2382 616166
1810 2379 1814 2388 ,

132 2403 135 2414 ¹
204 2421 405 2486 Plancianas
427 2421 663 2504 rescripsisset,
686 2421 773 2486 hanc
794 2421 989 2486 idcesimam
1010 2441 1087 2485 oum
1106 2419 1272 2496 mitteret,
1292 2424 1411 2483 666116
1432 2417 1519 2483 iecit
1562 2417 1783 2502 Respondent

205 2542 297 2606 enim
319 2561 377 2604 eae
390 2541 523 2606 litterae
543 2541 670 2607 ¹eisdem
693 2562 742 2625 66.
761 2542 808 2605 11.
823 2547 859 2606 61
874 2542 933 2618 15,
956 2539 998 2605 ad
1013 2560 1094 2623 quas
1110 2539 1223 2623 paullo
1246 2545 1324 2604 ante
1339 2538 1557 2622 rescripserat
1573 2538 1783 2606 undeuicesie

206 2681 304 2724 mam.
336 2659 423 2725 Nam
439 2661 571 2743 quaein
587 2661 645 2740 12.
661 2661 833 2746 leguntur:
855 2660 953 2745 ‚quod
968 2661 1032 2726 6111
1048 2659 1179 2725 certius'
1195 2661 1229 2737 (a
1239 2658 1368 2744 Lepido
1382 2681 1451 2724 non
1466 2659 1571 2742 recipi
1581 2658 1782 2746 Antonium)

207 2779 248 2857 ,si
268 2786 306 2844 tu
328 2779 369 2844 ad
390 2801 451 2844 nos
472 2779 561 2846 idem
583 2782 765 2866 scripseris’
794 2780 848 2864 (ad
870 2781 1015 2846 Brutum
1037 2781 1231 2863 scripserat)
1258 2779 1328 2856 ,sed
1348 2778 1460 2843 minus
1483 2777 1584 2844 audes
1600 2781 1747 2846 ¹fortasse
1760 2783 1781 2862 ¹)

203 2905 340 2984 6166161
354 2899 489 2967 inanem
503 2901 666 2966 laetitiam
680 2903 868 2968 litterarum
883 2901 1108 2987 superiorum’,
1130 2900 1183 2966 his
1198 2899 1312 2965 uerbis
1326 2881 1477 2983 quintam
1492 2898 1651 2966 decimam
1663 2899 1782 2968 Planci

205 3020 382 3104 epistulam
405 3021 617 3106 significata,
640 3023 698 3088 ubi
719 3022 777 3087 ille
801 3022 852 3108 (in
873 3023 960 3105 §liz
994 3021 1164 3098 ,sedulitas
1186 3021 1278 3120 mea'4
1300 3019 1411 3104 inquit
1435 3026 1484 3098 ,ut
1506 3041 1618 3103 spero,
1642 3021 1782 3086 etmihi

206 3140 310 3205 atrei
331 3141 484 3225 publicae
505 3141 584 3206 tulit
605 3142 766 3207 fructum’.
804 3141 1027 3208 Undecimum
1046 3149 1157 3208 autem
1180 3141 1359 3225 epistulam
1381 3139 1499 3205 Cicero
1522 3141 1680 3224 respexit,
1704 3161 1780 3206 cum

204 3260 240 3324 in
261 3261 289 3325 3.
311 3262 499 3344 part'haec
521 3263 693 3328 scriberet:
715 3262 847 3340 ‚Studia
868 3272 943 3328 ntea
965 3283 1044 3347 erga
1065 3269 1107 3341 te,
1131 3260 1250 3344 quibus
1273 3267 1363 3326 certe
1378 3261 1472 3326 nulla
1492 3281 1565 3326 6666
1579 3261 1706 3326 1661616
1721 3283 1780 3344 po-

205 3381 348 3446 16616111
378 3382 575 3466 (negauerat
596 3383 743 3449 Plancus
768 3383 976 3460 (1166166616,
1011 3383 1039 3448 61
1066 3383 1106 3447 16
1132 3383 1239 3466 166166
1266 3381 1328 3446 filii
1356 3379 1517 3465 dignitate
1545 3387 1635 3447 esset
1661 3387 1780 3459 actum,
1894 3419 1896 3424 ·

205 3501 379 3566 amabilius
403 3504 578 3586 quicquam
600 3500 709 3568 facere
731 3504 894 3587 potuisse)
920 3503 993 3582 ,tibi
1020 3511 1088 3567 tam
1115 3509 1211 3588 grata
1238 3523 1325 3580 6666,
1354 3521 1453 3584 quam
1482 3522 1542 3586 ego
1570 3502 1687 3586 putaui
1709 3503 1782 3568 fore

203 3621 340 3686 minime
362 3623 466 3686 miror
490 3623 773 3707 uehementerque
795 3603 919 3690 laetor'.
962 3623 1079 3706 Neque
1105 3623 1300 3688 mirabimur
1320 3621 1367 3686 M.
1384 3621 1532 3687 Tullium
1559 3622 1594 3686 in
1621 3622 1781 3687 uicesima

205 3763 265 3806 sua
287 3742 432 3826 epistula
453 3743 588 3808 illarum
602 3744 870 3822 Plancianum,
894 3745 1046 3828 quamuis
1060 3743 1103 3808 ad
1126 3741 1258 3808 easdem
1280 3743 1348 3808 iam
1369 3749 1520 3808 accurate
1543 3743 1779 3826 rescripsisset,

145 3896 148 3902 ·
204 3863 407 3928 mentionem
427 3863 555 3945 fecis-se,
573 3850 653 3928 Ι6661
674 3865 868 3930 uicesimum
890 3864 1018 3930 dederit
1038 3863 1145 3928 tribus
1167 3863 1236 3927 fere
1252 3861 1368 3928 diebus
1390 3869 1469 3945 post
1487 3862 1778 3938 undeuicesimam,

204 4003 311 4065 neque
327 3983 379 4048 his
395 3983 510 4048 diebus
526 3985 566 4050 ab
581 3983 640 4050 illo
655 3985 758 4050 ullam
774 3987 946 4068 acceperit.
974 3985 1140 4050 Graeuius
1156 3982 1290 4066 quidem
1305 3983 1353 4048 eis
1369 4003 1452 4065 quae
1468 4003 1569 4065 supra
1583 3980 1781 4064 transcripsi

204 4100 315 4167 uerbis
339 4101 535 4169 Ciceronem
558 4127 627 4170 non
649 4105 799 4189 quintam
821 4105 982 4171 decimam
1003 4104 1123 4169 Planci
1146 4103 1323 4186 epistulam
1347 4102 1535 4186 significare
1556 4101 1692 4177 iudicat,
1722 4099 1780 4165 sed

206 4221 382 4306 septimam
398 4223 559 4290 decimam
575 4233 609 4292 et
624 4225 923 4293 duodeuicesimam
931 4227 968 4311 ³),
993 4222 1191 4290 Schuetzius
1209 4243 1284 4288 curn
1299 4221 1341 4287 de
1355 4220 1473 4305 quinta
1487 4222 1614 4287 decima
1628 4220 1781 4286 Munatio

306 4379 332 4445 1)
351 4378 444 4432 Cicero
463 4380 485 4432 si
504 4382 664 4434 sententiam
675 4385 761 4440 totam
772 4381 914 4452 posuisset,
933 4399 986 4434 non
998 4397 1030 4434 ea
1042 4365 1110 4448 quae
1122 4377 1256 4431 Manutius
1269 4375 1335 4430 dicit
1352 4377 1512 4446 scripsisset,
1530 4378 1578 4430 sed
1589 4376 1669 4429 haec:
1687 4375 1781 4440 ,minus

204 4464 284 4518 66166
301 4465 416 4520 fortasse
434 4465 518 4534 recipi
535 4465 684 4520 Antonium
702 4467 837 4538 61166116
856 4497 887 4505 -—
907 4467 979 4536 quod
996 4482 1046 4534 ego
1064 4482 1097 4520 ne
1115 4463 1166 4518 11111
1184 4461 1354 4516 scribendum
1371 4463 1407 4516 sit
1424 4479 1519 4518 uereor
1537 4493 1567 4502 -
1588 4461 1719 4518 scriberet

306 4552 336 4618 2)
355 4551 432 4617 Quod
449 4552 487 4604 ita
504 4568 563 4606 csse
581 4551 716 4604 Manutius
733 4551 809 4604 uidit.
1759 4607 1765 4614 ,

307 4637 334 4700 3)
353 4637 429 4700 Quod
451 4638 477 4688 in
501 4637 565 4690 edit.
583 4635 697 4690 Elseuir.
717 4655 739 4689 6.
758 4635 939 4691 MDLXXVI.
958 4625 1182 4706 duodetricesima
1199 4639 1432 4698 commemoratur,
1459 4639 1505 4686 661
1525 4632 1611 4702 166166
1634 4638 1680 4685 661
1702 4635 1779 4701 typo·

205 4717 301 4788 graphi
320 4736 345 4787 q.
364 4721 388 4772 d.
408 4737 498 4776 errore
515 4722 620 4776 uidetur
638 4721 737 4774 iactum
755 4737 822 4776 esse.
1377 4744 1378 4748 ¹

1539 4821 1576 4873 5*
