4090 5438
828 293 1150 370 231-

203 498 508 578 sontentiarumque
535 497 717 580 grauitate,
746 497 798 562 his
824 499 944 562 merita
970 497 1084 562 laudat
1110 519 1162 574 ea,
1190 497 1230 562 de
1257 497 1376 579 quibus
1401 493 1548 562 Plancus
1574 497 1611 561 in
1638 505 1774 562 octauae

202 617 364 698 epistulae
385 617 559 698 particulis
582 617 610 679 3.
627 623 661 682 et
674 616 704 680 4.
726 616 984 700 praedicanerat,
1007 616 1186 681 uerborum
1208 623 1319 682 autem
1342 618 1647 698 sententiarumque
1664 616 1774 700 graui-

202 743 304 800 tatem
326 737 362 798 in
385 742 421 815 §5
436 737 480 812 3.,
503 736 546 813 6.,
569 730 597 799 7.
620 736 732 800 inesse
753 735 927 814 iudicauit,
955 758 973 800 e
996 735 1115 818 quibus
1136 721 1178 784 -’
1200 758 1243 801 ne
1265 738 1386 821 longus
1409 737 1473 804 sim
1493 775 1535 784 -—
1557 736 1622 801 duo
1644 744 1776 802 tantum

201 855 292 919 locos
313 855 481 938 proferam
507 855 583 920 hos:
617 854 705 939 ,Ipse
732 856 780 920 ite
806 878 880 922 sum
907 857 1017 921 animo
1044 864 1179 940 paratus
1205 846 1263 924 uel
1289 857 1497 940 prouinciam
1523 857 1610 922 tueri
1635 856 1691 920 uel
1716 857 1775 933 ire,

202 995 265 1056 quo
287 995 341 1038 res
355 973 489 1057 publice
503 981 608 1050 uocet,
632 974 688 1039 uel
710 974 841 1040 tradere
863 973 1047 1049 exercitum
1070 977 1194 1040 auxilia
1208 976 1488 1060 prouinciamque,
1510 984 1548 1042 ut
1565 977 1622 1040 uel
1643 997 1776 1042 omnem

200 1094 353 1176 inpetum
374 1093 455 1158 belli
476 1094 513 1159 in
534 1115 588 1160 me
611 1103 804 1162 conuertere
826 1117 895 1161 non
920 1111 1083 1171 recusem,
1113 1096 1260 1163 simodo
1286 1111 1361 1162 meo
1389 1118 1468 1162 casu
1494 1101 1552 1162 aut
1580 1096 1777 1162 confirmare·

200 1215 329 1296 patriae
352 1213 494 1278 salutem
516 1220 574 1278 aut
595 1214 781 1297 pericnlum
803 1215 930 1298 possim
952 1215 1082 1280 morari'
1106 1218 1137 1298 (ᾖ
1152 1215 1181 1282 6.
1205 1219 1297 1308 sunt)
1320 1223 1353 1280 et
1375 1216 1450 1294 §ln
1474 1217 1519 1294 ‚in
1541 1215 1659 1282 damno
1682 1235 1775 1280 meae

201 1333 308 1398 laudis
335 1335 385 1398 rei
411 1333 562 1417 publicae
590 1333 760 1400 commodo
787 1335 1004 1402 laetabor...
1047 1334 1133 1400 Mihi
1162 1333 1294 1419 quidem
1326 1335 1391 1419 ipsi
1421 1337 1549 1402 11111111
1581 1337 1776 1402 meritorum

202 1473 352 1518 meorum
383 1455 418 1518 in
451 1455 500 1520 rei
533 1453 685 1536 publicae
717 1455 946 1520 incolumitate
979 1457 1060 1520 satis
1094 1476 1237 1538 magnus
1271 1465 1324 1520 est
1349 1455 1502 1539 paratus’.
1545 1455 1660 1538 Neque
1695 1466 1774 1520 uero

201 1595 338 1658 magnas
362 1575 470 1640 solum
490 1583 603 1658 partes
626 1583 763 1640 octauae
786 1576 950 1659 epistulae
974 1575 1090 1642 Oiccro
1118 1577 1233 1662 paucis
1260 1576 1372 1643 uerbis
1396 1576 1542 1672 breuiter
1570 1572 1776 1640 summatimss

202 1715 265 1776 que
288 1702 340 1760 est
362 1693 564 1776 complexus,
590 1693 649 1760 sed
671 1694 713 1760 ad
735 1696 806 1760 eius
830 1717 960 1780 quoque
983 1718 1033 1780 ep.
1057 1695 1205 1780 singulas
1229 1697 1412 1762 sententias
1436 1673 1576 1779 singulis
1599 1695 1777 1760 sententiis

201 1811 387 1896 respondit,
414 1833 457 1878 ne
479 1811 586 1878 dicam
614 1815 655 1880 ad
680 1814 785 1881 uerba
811 1816 931 1881 uerbis.
977 1814 1072 1896 Quae
1099 1817 1188 1880 enim
1215 1817 1252 1879 in
1275 1816 1302 1880 1.
1325 1816 1396 1882 eius
1418 1822 1502 1899 part.
1524 1816 1680 1898 legimus:
1714 1837 1776 1892 ,se-

202 1932 298 1996 natui
318 1923 444 1996 maiora
465 1932 538 1996 11111
560 1933 645 1998 sunt'
670 1935 803 2014 (Planci
829 1935 962 2012 merita,
989 1934 1105 2014 uerba,
1135 1936 1318 2014 sententies
1340 1933 1433 2016 dicit)
1461 1956 1570 2019 ,quam
1598 1943 1693 2000 erant
1720 1957 1776 2000 ex·

202 2058 354 2136 1111111,
380 2073 449 2118 non
476 2074 540 2137 quo
567 2075 724 2136 umquam
751 2055 791 2119 de
818 2062 876 2119 tua
901 2055 1074 2124 uoluntate
1104 2054 1295 2121 dubitasset’
1318 2063 1352 2120 et
1378 2055 1478 2121 11111
1511 2076 1584 2131 ,nec
1610 2076 1690 2120 uero
1716 2054 1777 2119 tibi

205 2179 339 2236 senatus
361 2172 499 2238 amicior
520 2193 619 2256 quam
641 2180 760 2239 cuneta
782 2174 917 2251 ciuitas’,
946 2175 1028 2240 haec
1049 2175 1222 2258 reseripsit
1248 2174 1289 2240 ad
1310 2174 1338 2240 8.
1362 2195 1412 2258 ep.
1434 2176 1509 2252 11,
1539 2174 1594 2240 ubi
1616 2174 1776 2240 Plancus:

202 2288 251 2368 ,Si
283 2291 335 2356 oui
361 2292 455 2356 forte'
488 2292 598 2374 inquit
629 2293 755 2371 ‚uideor
787 2293 912 2360 diutius
945 2300 979 2358 et
1010 2293 1183 2360 hominum
1222 2295 1496 2378 expectationem.
1524 2302 1559 2360 et
1596 2315 1689 2377 spem
1727 2295 1776 2358 rei

200 2411 352 2493 publicae
380 2410 420 2475 de
445 2432 521 2478 mea
546 2412 719 2478 uoluntate
745 2415 894 2493 tenuisse
927 2413 1144 2498 suspensam'3
1178 2435 1262 2497 quae
1277 2421 1400 2480 ‘autem
1427 2413 1514 2497 apud
1540 2412 1635 2506 illum
1663 2414 1774 2497 priore

199 2529 273 2595 loco
302 2538 473 2596 secuntur:
500 2553 572 2609 ,nec
600 2539 762 2615 quantum
781 2533 889 2600 facere
911 2555 1028 2616 posses
1048 2555 1110 2599 neo
1131 2532 1241 2616 quoad
1260 2533 1416 2617 progredi
1436 2533 1542 2599 uelles
1565 2534 1775 2616 exploratum

202 2649 284 2716 satis
312 2649 460 2716 habebat’
485 2655 652 2733 (senatum
679 2651 786 2733 dicit),
820 2674 859 2718 ea
886 2674 962 2718 cum
989 2654 1031 2718 ad
1058 2653 1141 2719 alios
1169 2660 1205 2734 ἐξ
1219 2654 1262 2731 3.,
1285 2654 1327 2729 4.,
1350 2652 1380 2718 6.
1402 2652 1492 2718 locos
1518 2659 1592 2718 tum
1620 2652 1661 2718 ad
1687 2653 1775 2720 hunc

202 2775 343 2840 sextae:¹
358 2769 474 2848 ,Nunc
489 2792 572 2836 cum
588 2821 595 2836 .
611 2821 640 2840 ..
665 2771 705 2838 ab
728 2773 820 2838 omni
841 2794 877 2838 re
901 2795 1016 2838 sumus
1037 2755 1233 2857 paratiores}
1253 2793 1322 2838 non
1344 2773 1451 2838 solum
1472 2773 1564 2838 hene·
1580 2793 1713 2856 sperare
1736 2772 1775 2838 de

200 2888 296 2957 nobis
318 2889 470 2960 homines
493 2889 553 2955 sed
574 2890 745 2974 explorate
767 2890 913 2959 iudicare
934 2893 1108 2960 uolumus'.
1141 2893 1190 2958 Hi
1205 2913 1334 2976 quoque
1350 2893 1416 2958 loci
1438 2893 1590 2958 sufficere
1611 2891 1775 2969 uidentur,

201 3009 315 3091 plures
343 3008 418 3074 addi
444 3029 543 3092 posse
569 3031 637 3076 non
664 3013 865 3094 negauerim.
910 3011 1005 3093 Quae
1031 3033 1112 3077 uero
1134 3033 1198 3077 eae
1227 3019 1306 3078 sunt
1332 3012 1465 3078 litterae
1492 3010 1533 3076 ad
1559 3010 1605 3078 Μ.
1628 3009 1775 3076 1111111111

201 3127 333 3204 missae,
349 3147 489 3210 quarum
503 3130 669 3212 promissa
683 3151 719 3196 se
734 3130 888 3197 adfirmat
901 3132 1095 3197 meminisse
1108 3136 1128 3215 ¹)
1146 3132 1227 3213 (in§
1244 3131 1309 3216 1.)?
1337 3130 1500 3212 Quartam
1514 3130 1633 3196 Planci
1651 3132 1775 3213 epistu-
1817 3131 1818 3138 ’

201 3244 269 3312 lam
291 3246 379 3325 dicit,
402 3248 496 3313 cuius
517 3248 554 3312 in
575 3248 604 3313 3.
626 3250 741 3332 partic.
764 3250 845 3316 haec
868 3260 959 3318 sunt:
982 3250 1105 3332 ‚Quare
1127 3251 1190 3316 hoo
1211 3273 1316 3316 unum
1338 3250 1399 3318 tibi
1420 3250 1591 3334 persuade,
1615 3257 1777 3332 quantum
1812 3253 1815 3260 ’

202 3364 330 3430 uiribus
352 3367 443 3444 eniti,
465 3367 810 3452 consilio‘prouidere,
834 3371 1031 3436 auctoritate
1045 3392 1182 3436 monere
1195 3378 1344 3455 potuero,
1367 3370 1430 3436 hoo
1445 3392 1542 3436 omne
1561 3369 1777 3453 reipublicae

203 3504 336 3567 semper
356 3485 523 3552 futurum’.
566 3487 654 3554 Item
678 3487 795 3554 Oieero
824 3490 873 3570 (in
899 3489 1014 3556 eudem
1035 3491 1212 3574 particula)
1241 3512 1277 3556 se
1304 3490 1470 3556 anurnio
1493 3489 1611 3556 Planci
1638 3489 1778 3555 consilia

202 3604 336 3688 penitus
359 3606 491 3688 cognita
512 3605 633 3674 habere
656 3607 818 3686 adfirmat,
845 3610 938 3674 cuius
960 3610 1164 3676 mentionem
1186 3610 1311 3676 fecerat
1332 3609 1449 3692 primis
1471 3608 1583 3678 uerbis
1606 3615 1641 3674 et
1663 3616 1777 3676 sextae

204 3724 366 3807 epistulae
389 3732 423 3790 et
445 3724 599 3802 decimae,
624 3729 742 3810 cuique
764 3735 895 3793 sertam
917 3727 1053 3794 dederat
1074 3729 1314 3813 perferendam.
1335 3767 1378 3776 -
1405 3729 1499 3810 Quae
1522 3728 1562 3794 de
1585 3727 1798 3796 duodecime·

205 3851 238 3906 ot
260 3845 403 3929 septima
425 3854 614 3939 octauaque
629 3847 773 3930 epistula
795 3849 1019 3931 exposuimus,
1047 3850 1094 3915 eis
1117 3849 1220 3915 uelim
1241 3849 1487 3918 demonstretur
1512 3850 1548 3914 iu
1570 3847 1776 3932 explicandis

199 3961 357 4044 epistulis
385 3966 631 4034 accuratissime
657 3965 977 4052 diligentissimeque
1004 3989 1119 4034 earum
1144 3969 1309 4035 rationem
1335 3989 1409 4036 esse
1431 3968 1629 4045 habendam,
1658 3969 1776 4052 quibus

205 4101 352 4164 quaeque
374 4087 580 4170 respondeat.
619 4085 716 4168 quod
738 4089 794 4171 qui
816 4089 992 4172 neelegont
1012 4089 1049 4154 in
1071 4105 1219 4154 errorem
1241 4096 1275 4154 et
1297 4109 1333 4156 se
1355 4088 1421 4172 ipsi
1441 4087 1601 4154 inducent
1623 4096 1657 4152 et
1679 4089 1775 4165 alios;

202 4199 237 4266 id
259 4201 346 4285 quod
367 4203 404 4266 in
424 4206 485 4272 hac
507 4197 700 4274 duodecima
722 4207 865 4292 epistula
885 4208 1136 4293 interpretanda
1156 4209 1309 4274 Munatio
1332 4207 1459 4285 accidit,
1483 4207 1562 4274 alibi
1584 4208 1667 4272 aliis.

306 4323 706 4394 Tertiamdeoimam
738 4329 917 4412 epistulam
945 4329 1141 4395 Ciceronem
1174 4327 1215 4392 ad
1247 4347 1389 4394 nonam
1416 4327 1532 4393 Planci
1565 4325 1777 4410 rescripsisse

203 4438 283 4506 haec
306 4442 443 4510 alterius
465 4445 649 4528 particulae
671 4447 773 4512 uerba
795 4447 928 4513 docent:
955 4450 1039 4532 ,Ego
1061 4467 1260 4530 quamquam
1283 4468 1325 4512 ex
1347 4447 1415 4514 tuis
1436 4447 1568 4521 litteris,
1592 4467 1673 4529 quas
1695 4447 1777 4512 mihi

305 4614 335 4680 1)
351 4615 417 4670 Uoc.
441 4617 512 4686 quod
535 4623 576 4671 est
598 4619 792 4684 ‚meminissem’
815 4637 869 4674 non
890 4625 990 4673 temere
1008 4619 1101 4672 Cicero
1123 4636 1189 4672 111111
1212 4633 1273 4673 1111
1294 4619 1412 4687 uidetur,
1440 4636 1498 4674 cnm
1520 4619 1668 4700 proximam
1685 4623 1777 4678 Planci

205 4697 347 4766 epistulam
364 4719 448 4770 prope
466 4705 553 4758 tribus
570 4705 704 4758 mensibus
722 4709 784 4758 ante
801 4705 870 4758 hauc
888 4706 1073 4760 duodecimam
1090 4705 1244 4774 accepisset
