4090 5438
835 247 1020 348 „427
1072 321 1157 328 „-

208 480 308 548 enim,
322 479 437 545 Cicero
461 499 489 542 a.
511 477 541 541 d.
562 474 624 542 III.
647 477 723 542 Kal
747 480 827 562 Apr.
841 462 891 543 ¹de
913 479 1038 544 honore
1067 497 1165 562 agere
1187 480 1297 563 potuit
1318 479 1443 545 Planco
1467 480 1508 545 ob
1536 502 1610 545 eam
1630 505 1702 547 rem
1724 484 1782 582 tri·

207 599 351 675 buendo,
380 619 479 680 quam
506 600 610 682 gessit
637 619 752 664 mense
776 599 845 664 fere
867 600 964 682 post?
1009 597 1208 662 Rhodanum
1231 599 1321 663 enim
1344 621 1379 663 se
1402 619 1428 663 a.
1452 599 1480 665 d.
1497 599 1555 665 VI.
1577 600 1654 666 Kal.
1676 601 1788 684 Maias,

206 720 377 784 traiecisse
398 719 434 782 in
458 739 508 801 ep.
523 719 552 784 9.
576 717 636 795 §a
659 724 781 782 narrat.
827 717 924 798 Quod
951 719 979 782 si
1001 718 1126 783 factum
1149 727 1238 784 esset
1261 718 1348 800 quod
1369 719 1541 785 Manutius
1563 721 1689 786 factum
1711 743 1784 787 esso
1876 755 1879 764 ·

206 839 351 923 putauit,
387 837 549 902 decimam
576 837 754 920 epistulam
782 837 899 903 Cicero
932 837 972 902 ad
1005 859 1127 903 nonam
1154 838 1397 921 rescripsisset,
1430 861 1491 904 nos
1524 862 1647 905 nonam
1673 842 1784 924 potius
1836 923 1837 930 ἵ

207 959 353 1024 decimae
375 956 577 1040 respondere
599 957 753 1033 uidimus,
777 968 815 1022 nt
836 979 954 1023 uerear
975 979 1018 1024 nc
1033 957 1224 1023 Manutium
1244 959 1274 1022 is
1297 959 1354 1041 qui
1376 959 1410 1023 in
1435 958 1544 1024 codice
1560 959 1709 1044 Medieeo
1733 971 1785 1026 est

207 1079 427 1163 epistularum
453 1076 532 1141 ordo
559 1077 596 1140 in
623 1095 769 1142 errorem
795 1077 974 1142 induxerit.
1020 1077 1110 1158 Quid
1135 1099 1216 1142 uero
1244 1077 1330 1162 quod
1358 1078 1511 1146 omnibus
1539 1080 1595 1162 qui
1623 1079 1783 1164 epistulas

208 1198 383 1266 ediderunt
407 1196 496 1260 idem
524 1195 682 1262 accidisse
709 1197 863 1262 uidetur?
907 1197 993 1263 Cum
1021 1197 1110 1262 enim
1137 1197 1245 1280 prima
1268 1197 1438 1263 Ciceronis
1465 1199 1568 1264 uerba
1594 1198 1674 1292 haec
1702 1201 1782 1265 sint:

206 1319 294 1398 ,Etsi
316 1318 398 1383 11111
414 1329 463 1382 'ex
485 1317 611 1382 Furnio
633 1324 746 1382 nostro
769 1337 962 1400 cognoram,
991 1339 1075 1400 quae
1097 1321 1157 1382 tua
1177 1319 1347 1395 uoluntas,
1376 1318 1464 1400 quod
1486 1320 1662 1385 eonsilium
1685 1320 1724 1384 de
1746 1341 1783 1385 re

206 1439 339 1523 publica
361 1443 459 1514 esset,
482 1443 595 1500 tamen
611 1437 678 1500 tuis
694 1437 816 1502 litteris
831 1437 926 1502 lectis
941 1437 1099 1520 liquidius
1115 1437 1156 1502 de
1171 1445 1242 1502 toto
1259 1459 1359 1502 sensu
1374 1446 1431 1504 tuo
1454 1437 1616 1514 iudicaui',
1639 1439 1782 1530 Suepfle,

208 1559 263 1642 qui
294 1580 381 1622 unus
413 1558 450 1622 in
481 1545 742 1639 interpretandis
776 1557 928 1641 epistulis
957 1578 1032 1622 eam
1057 1577 1129 1622 rem
1161 1558 1284 1640 tetigit,
1319 1557 1379 1622 has
1406 1558 1525 1623 Planci
1550 1559 1681 1624 litteras
1714 1582 1783 1626 non

206 1677 356 1762 publicas
378 1677 454 1740 illas
477 1697 550 1741 esse
565 1674 646 1741 dicit
661 1679 828 1758 (octauam
842 1677 940 1742 huius
955 1677 1033 1742 libri
1053 1697 1103 1760 ep.
1119 1676 1216 1760 dico),
1240 1676 1297 1742 sed
1321 1678 1499 1761 epistulam
1522 1682 1782 1757 commemorari,
1897 1697 1901 1708 ‘

207 1819 291 1882 quae
314 1796 355 1862 ad
377 1803 526 1860 nostram
548 1803 692 1860 aetatem
717 1817 785 1860 non
805 1797 1011 1881 peruenerit,
1045 1817 1145 1880 quam
1171 1819 1238 1861 una
1264 1819 1341 1862 cum
1368 1798 1509 1882 septima
1536 1806 1715 1864 11111111
1742 1801 1783 1864 ad

205 1919 252 1984 M.
276 1915 423 1980 Tullium
444 1915 581 1994 missam
608 1937 681 1982 esse
709 1917 905 2000 suspicatur.
950 1900 1035 1997 Quis
1062 1938 1142 1982 uero
1165 1916 1331 1982 Plancum
1359 1917 1472 1983 credat
1498 1918 1613 1984 eodem
1635 1919 1687 1984 die
1714 1941 1782 1984 non

161 2081 166 2093 ·
208 2036 316 2102 solum
339 2044 372 2100 et
392 2035 541 2118 publicas
562 2035 693 2102 litteras
716 2042 750 2101 et
772 2037 951 2120 epistulam
973 2037 1015 2102 ad
1038 2036 1234 2102 Ciceronem
1255 2036 1401 2114 dedisse,
1430 2037 1487 2102 sed
1514 2039 1614 2103 etiam
1642 2038 1782 2104 alteram
1898 2039 1899 2046 ’

208 2156 250 2220 ad
287 2154 428 2222 eundem
462 2155 671 2235 Ciceronem,
711 2179 787 2220 cum
819 2155 956 2222 dimidia
987 2157 1057 2222 fere
1096 2157 1257 2240 epistulae
1296 2157 1457 2240 septimae
1484 2179 1569 2240 ,pars
1602 2158 1683 2223 haec
1723 2159 1780 2224 sit:

206 2276 367 2354 ,Plurima
391 2260 453 2340 tibi
480 2274 520 2339 de
547 2277 630 2340 meis
658 2277 807 2343 consiliis
837 2275 1015 2342 scriberem
1041 2264 1270 2360 rationemque
1298 2277 1447 2341 omnium
1473 2299 1586 2342 rerum
1607 2278 1780 2344 redderem

205 2395 379 2461 uerbosius
395 2445 402 2459 .
418 2444 448 2459 ..
472 2394 534 2460 sed
552 2395 740 2462 breuiorem
765 2417 819 2462 me
843 2396 925 2462 duae
948 2417 1002 2460 res
1030 2397 1169 2462 faciunt:
1196 2417 1263 2462 una
1285 2396 1373 2479 quod
1394 2397 1536 2480 publicis
1563 2399 1686 2463 11111111
1709 2421 1778 2464 om-

204 2518 261 2581 nia
283 2529 358 2582 sum
379 2524 582 2600 persecutus,
606 2515 711 2582 altera
733 2517 819 2600 quod
840 2519 887 2582 M.
910 2517 1115 2584 Uarisidium
1130 2566 1137 2580 .
1154 2565 1183 2580 ..
1205 2516 1317 2599 ipsum
1340 2515 1381 2580 ad
1403 2523 1436 2582 te
1458 2519 1601 2583 transire
1622 2520 1713 2596 iussi,
1738 2541 1779 2584 ex

206 2658 270 2719 quo
299 2636 409 2700 omnia
435 2656 633 2720 cognoscere
659 2637 793 2720 posses'.
839 2636 929 2718 Quid
951 2637 1037 2720 quod
1060 2636 1176 2702 Cicero
1205 2637 1381 2719 septimam
1407 2637 1500 2702 illam
1529 2661 1577 2722 ep.
1600 2661 1627 2704 1.
1651 2638 1679 2704 d.
1702 2639 1779 2704 VII.

205 2755 285 2820 Idus
307 2755 443 2839 Apriles
465 2757 601 2840 accepit,
626 2757 761 2840 scripsit
783 2756 944 2822 decimam
966 2779 993 2822 a.
1009 2757 1038 2821 d.
1053 2757 1115 2822 ΠΙ.
1138 2755 1213 2822 Kal.
1230 2755 1386 2839 Apriles?
1419 2757 1534 2839 Neque
1558 2759 1638 2824 haec
1653 2759 1780 2824 decima

206 2876 350 2958 epistula
382 2876 424 2940 ad
456 2877 589 2942 easdem
616 2877 736 2942 Planci
761 2877 910 2961 publicas
938 2876 1068 2942 litteras
1101 2875 1293 2960 respondet,
1327 2876 1369 2940 ad
1396 2898 1476 2960 quas
1505 2877 1621 2944 Cicero
1649 2887 1779 2944 sextam

203 2997 384 3080 rescripsit.
432 2995 520 3061 Nam
546 3005 781 3081 praeterquam
808 2997 894 3080 quod
925 2998 1144 3080 rescripserat
1176 2995 1290 3062 decem
1323 2996 1438 3062 diebus
1472 3005 1549 3062 ante
1575 2999 1620 3062 M.
1648 3000 1778 3064 Tullius

205 3137 287 3197 quae
315 3123 410 3180 erant
436 3115 714 3182 rescribenda-
742 3119 799 3200 qui
820 3119 894 3183 fieri
915 3117 1038 3202 potuit,
1071 3125 1110 3180 ut
1136 3116 1343 3200 uituperaret
1363 3115 1540 3194 Plancum,
1574 3117 1661 3200 quod
1687 3119 1777 3201 pacis

205 3211 442 3306 cumAntonio
457 3236 628 3302 faciendae
652 3245 767 3304 auctor
780 3239 901 3303 fuisset
923 3238 974 3320 (in
996 3233 1046 3320 ep.
1060 3236 1089 3301 6.
1113 3244 1130 3315 §
1147 3235 1265 3322 1.),111
1288 3236 1427 3301 eandem
1448 3237 1635 3302 rescribens
1651 3238 1777 3320 epistu-

203 3353 272 3418 lam
292 3354 443 3421 landaret
468 3356 777 3424 uoluntatem'eius
805 3366 839 3423 et
865 3365 1020 3424 conatum
1044 3358 1143 3444 (quae
1164 3355 1342 3452 laudantur
1368 3356 1404 3420 in
1431 3378 1481 3440 ep.
1499 3358 1548 3422 10.
1570 3358 1666 3442 1111
1711 3357 1778 3438 Qui

205 3473 339 3540 easdem
360 3475 489 3541 litteras
512 3486 624 3560 gratas
648 3453 779 3543 senatui
799 3477 902 3544 fuisse
925 3477 1033 3551 dicere
1056 3483 1147 3542 esset
1168 3482 1306 3542 conatus
1329 3475 1484 3560 (ep.10.),
1513 3497 1593 3559 quas
1616 3498 1683 3542 non
1706 3479 1778 3552 sine
1807 3455 1811 3462 Ι

205 3595 388 3660 offensione
411 3605 595 3680 acceperat,
622 3606 660 3662 11
680 3599 753 3681 ipse
775 3596 939 3664 Plancum
961 3619 1000 3662 ea
1022 3597 1062 3662 de
1083 3619 1120 3662 re
1143 3597 1320 3662 certiorem
1340 3597 1449 3661 faeere
1476 3597 1640 3662 noluisset
1662 3603 1726 3682 (ep.
1749 3599 1777 3664 6.

161 3765 163 3771 2
205 3716 300 3799 sta?
332 3715 486 3798 Denique
509 3717 596 3800 quod
616 3717 747 3783 CIcero:
770 3719 904 3801 ,ltaque’
926 3715 1037 3801 inquit
1057 3719 1098 3794 ,si
1120 3717 1290 3783 consulem
1311 3717 1438 3781 Romae
1461 3717 1701 3796 habuissemus,
1725 3718 1778 3784 de-

207 3835 367 3900 claratum
390 3844 500 3903 esset.
516 3887 522 3903 .
538 3837 554 3901 .'
577 3859 619 3902 ex
642 3859 681 3902 ea
703 3859 739 3903 re
761 3837 845 3915 illas,
869 3859 950 3921 quas
972 3837 1090 3922 'primis
1111 3837 1224 3902 uerbis
1246 3844 1491 3914 commemorat,
1514 3837 1633 3902 Planci
1647 3839 1777 3904 litteras

207 3925 432 4036 cognoscimus
460 3957 603 4022 Romam
629 3958 763 4050 uenisse
790 3980 855 4042 qno
882 3967 1029 4042 tempore
1056 3958 1168 4023 Pansa
1195 3955 1312 4022 consul
1338 3957 1405 4020 iam
1431 3957 1581 4022 Hirtium
1608 3965 1647 4022 ut
1673 3958 1777 4022 Bruto

205 4075 368 4140 auxilium
389 4078 491 4143 ferret
518 4086 651 4143 secutus
679 4085 765 4156 erat,
791 4079 811 4143 i
835 4101 861 4144 e.
884 4087 942 4143 ant
964 4099 991 4144 a.
1014 4078 1043 4142 d.
1066 4077 1163 4142 XIII.
1186 4050 1262 4142 1111,
1284 4077 1365 4160 Apr.
1394 4085 1451 4140 aut
1476 4083 1554 4160 post
1579 4099 1654 4142 eum
1681 4077 1777 4142 diem.

204 4193 277 4258 Iam
299 4183 469 4260 uideamus
494 4219 656 4280 quaenam
679 4199 804 4263 fuerint
824 4199 901 4264 illae
916 4199 1036 4264 Planci
1056 4199 1189 4284 litterae
1211 4197 1308 4261 hodie
1331 4197 1482 4272 annesae,
1507 4219 1583 4262 cum
1606 4217 1688 4279 quae
1711 4218 1778 4261 non

204 4313 347 4378 fuissent
379 4313 569 4381 uiderimus.
615 4317 706 4398 Quas
739 4340 808 4383 non
841 4317 882 4382 ad
913 4319 1024 4402 ipsum
1053 4317 1248 4382 Ciceronem
1280 4315 1373 4381 datas
1406 4317 1522 4398 fuisse,
1558 4316 1615 4381 sed
1647 4316 1778 4399 publice

204 4434 323 4498 missas
347 4415 388 4498 eir
412 4456 450 4499 ea
472 4457 508 4500 re
532 4437 770 4519 cognoscimus,
795 4437 881 4520 quod
904 4444 1038 4502 senatus
1055 4440 1094 4502 de
1110 4438 1158 4502 eis
1173 4437 1295 4500 litteris
1311 4437 1390 4519 quid
1413 4438 1552 4502 sentiret
1566 4435 1776 4513 declarasset,

207 4551 235 4614 si
258 4555 373 4618 consul
395 4553 563 4621 adfuisset.
608 4556 724 4622 Cicero
752 4557 855 4640 igitur
882 4579 957 4622 cum
983 4565 1113 4622 sextam
1141 4557 1319 4640 epistulam
1347 4555 1507 4622 scriberet
1532 4578 1592 4640 per
1614 4555 1778 4622 Furnium

205 4671 353 4753 legatum
374 4673 413 4738 de
436 4675 555 4741 Planci
578 4677 749 4741 uoluntate
772 4685 870 4760 atque
894 4678 1041 4742 consiliis
1064 4676 1186 4742 eerti0r
1207 4677 1314 4744 factus
1337 4685 1420 4755 erat;
1439 4679 1538 4758 ‘quae
1564 4677 1621 4742 ille
1643 4677 1776 4742 nuntia·

1534 4795 1574 4848 4*
