4090 5438
729 253 1168 328 ·--21--

208 497 213 506 ·
324 465 384 530 Alt
370 471 442 530 tera
463 467 580 548 quaest
581 461 666 526 ionis
688 461 907 546 particulact
892 459 970 526 tad
993 431 1091 542 quam
1113 457 1152 524 Ιι.
1166 457 1299 524 Munati
1321 450 1407 540 epist
1392 455 1498 522 talam
1520 452 1675 524 Tulliana
1696 463 1804 538 quae-¹
1902 441 1904 446 ⁸
2025 455 2026 464 ’

223 607 286 670 que
308 567 468 666 rescripta
484 581 529 648 sit
542 580 781 657 uideamus,t
747 587 781 644 et
796 546 993 665 quibusnam
1009 577 1180 646 Ciceronis
1194 576 1317 642 litteris
1332 575 1478 640 Plancus
1493 572 1702 656 responderit
1717 573 1796 640 suis.

223 702 370 786 Quod
344 724 374 766 ιι
396 721 594 784 quaeremus
614 707 649 764 et
671 697 758 782 quod
781 720 882 784 supra
903 719 965 763 nos
987 699 1054 762 fact
1040 703 1133 763 turos
1156 718 1231 762 esse
1252 695 1393 780 polliciti
1380 714 1543 770 1,sumus
1571 692 1606 757 id
1627 692 1795 770 faciemus,

221 845 298 888 cum
320 821 519 906 aliquotiens
543 819 583 884 ab
606 839 645 884 ea
666 839 702 884 re
725 819 865 902 profecti
880 839 944 901 quo
959 823 1109 902 tempore
1123 817 1244 882 missae
1267 820 1381 882 essent
1395 805 1558 897 epistulae
1573 812 1796 889 statuerimus,

222 949 257 1009 et
277 943 313 1007 in
336 963 412 1006 eurn
434 939 584 1006 ordinem
605 938 665 1004 has
689 927 848 1022 epistulas
870 937 1021 1020 redigere
1042 935 1235 1022 poterimus,
1257 941 1296 1000 ut
1311 933 1485 1000 Tullianae
1507 951 1639 997 menses
1660 931 1819 1016 diesque·

223 1061 342 1146 quibus
364 1060 460 1124 datas
482 1059 552 1124 sint
578 1063 772 1140 sequantur,
800 1056 1002 1123 Plancianae
1027 1077 1096 1120 non
1121 1061 1199 1142 post
1226 1067 1281 1122 ιιι
1305 1053 1475 1122 Ciceronis
1497 1051 1626 1118 litteras
1648 1072 1796 1135 quaeque

222 1183 421 1256 inserantur,
448 1185 526 1262 post
547 1198 628 1262 quas
652 1177 795 1261 scriptae
819 1176 895 1254 sint,
924 1175 982 1242 sed
1004 1176 1218 1242 conlocentur
1240 1180 1316 1240 ante
1340 1195 1455 1240 eorum
1477 1171 1605 1238 dierum
1627 1170 1796 1256 epistulas,

224 1307 301 1398 ante
328 1321 410 1383 quos
437 1298 508 1363 dies
531 1296 576 1361 M.
599 1297 709 1362 nulio
737 1297 805 1365 sint
830 1295 987 1362 redditae.
1043 1294 1231 1377 Quoxfaoto
1259 1293 1339 1378 quid
1368 1291 1523 1358 utilitatis
1551 1291 1735 1359 adferretur
1760 1292 1797 1357 in

225 1417 435 1485 Fleckeiseni
462 1416 570 1482 annal
597 1415 881 1500 philol,a.1864.
909 1436 982 1500 pag.
1004 1415 1054 1480 ol.
1082 1413 1312 1498 exposuimus,
1345 1412 1402 1478 ubi
1429 1411 1469 1478 dc
1498 1411 1669 1479 Ciceronis
1696 1418 1731 1476 et
1751 1411 1798 1477 M.

227 1538 318 1605 Caeli
339 1539 419 1603 Rufi
440 1536 594 1621 epistulis
617 1537 811 1620 scripsimus
833 1535 950 1601 eodem
973 1534 1120 1600 consilio.
1154 1534 1270 1618 Neque
1292 1553 1371 1598 uero
1393 1537 1432 1598 ut
1454 1523 1570 1598 eodem
1592 1530 1729 1598 consilio
1751 1532 1801 1598 ita
1883 1527 1885 1532 ’

225 1659 339 1726 ordine
362 1657 478 1724 eodem
499 1657 559 1722 has
583 1655 754 1722 Ciceronis
777 1664 811 1720 et
831 1655 951 1721 Planci
973 1655 1082 1739 epistu
1062 1654 1133 1719 ulas
1155 1653 1380 1728 tractabimus,
1407 1671 1515 1736 neque
1537 1651 1678 1717 eundem
1701 1673 1798 1736 quem

225 1786 324 1846 antea
337 1777 532 1842 habebimus
548 1753 673 1853 ducem,
697 1763 890 1842 Cruberum
906 1775 998 1879 dico·
1015 1795 1102 1839 nunc
1124 1774 1235 1858 ipsum
1255 1771 1401 1838 codicem
1415 1770 1603 1838 Medioeum
1619 1770 1798 1838 O1ellium-

225 1919 290 1983 que
313 1897 407 1980 sequi
428 1896 618 1979 praestabit
662 1891 738 1960 Non
760 1916 824 1978 quo
849 1825 1021 1962 Gruberbs
1043 1894 1104 1958 has
1130 1900 1263 1958 mutuas
1292 1893 1378 1974 epist
1364 1891 1582 1957 tularumt
1530 1899 1582 1956 rat
1583 1891 1678 1956 iones
1700 1869 1799 1975 plane

226 2015 477 2082 neclexerit-
503 2014 537 2079 id
560 2013 647 2098 quod
673 2037 716 2080 ne
743 2022 802 2098 pot
788 2014 853 2079 tuit
879 2012 1011 2097 quidem
1036 2013 1173 2078 fieri—
1195 2011 1253 2078 sed
1274 2031 1382 2095 neque
1406 2012 1538 2096 saepius
1561 2032 1617 2076 eas
1639 2010 1798 2094 respexit
1842 2083 1845 2092 ¹

228 2155 325 2220 quam
340 2135 396 2220 qui
412 2134 582 2202 Ciceronis
597 2134 759 2218 epistulas
775 2133 950 2200 ediderunt
970 2139 1029 2198 aut
1047 2132 1259 2217 interpretati
1274 2137 1361 2209 sunt,
1383 2123 1491 2214 neque
1506 2131 1630 2196 totiens
1645 2129 1799 2214 quotiens

226 2257 301 2323 usui
317 2264 376 2322 ιιι
409 2256 617 2339 Ubicumque
639 2275 719 2320 uero
736 2255 806 2322 eius
821 2254 870 2320 rei
891 2241 1057 2320 rationem
1071 2253 1196 2330 habuit,
1218 2258 1309 2320 recte
1331 2252 1455 2329 habuit,
1478 2251 1512 2316 id
1527 2250 1614 2334 qnod
1635 2251 1709 2318 aliis
1730 2273 1800 2318 non

224 2378 306 2444 item
329 2376 477 2460 contigit
508 2375 695 2476 dudiamus
715 2375 898 2442 Rudolfum
917 2372 1066 2440 Dietsolu
1104 2371 1172 2454 Qui
1192 2373 1227 2438 in
1252 2371 1457 2457 explicandis
1481 2370 1651 2438 Ciceronis
1674 2371 1799 2456 epistu·

225 2498 268 2564 lis
281 2500 316 2581 ¹):
343 2495 506 2578 ,Quorum
528 2487 721 2562 officiorum'
743 2497 853 2580 inquit
873 2495 1069 2580 ,praemium
1089 2493 1216 2579 accepit
1236 2493 1488 2577 amplissimum*
1513 2493 1690 2575 (Plancum
1704 2491 1798 2576 dicit)

226 2638 312 2693 ,cum
335 2615 458 2682 Caesar
480 2615 694 2694 decreuisset,
721 2622 760 2680 ut
781 2637 808 2680 a.
831 2615 882 2680 44.
906 2614 1036 2680 Galliae
1062 2613 1215 2680 ulteriori
1236 2619 1370 2698 praetor
1391 2611 1643 2679 Narbonensem
1658 2600 1699 2678 'et
1720 2611 1799 2678 Bel-

227 2737 337 2820 gicum
358 2737 593 2820 praeficeretur
615 2743 649 2802 et
671 2757 698 2800 a.
721 2734 770 2800 42.
794 2756 869 2802 oum
890 2736 933 2801 D.
954 2734 1052 2800 Iunio
1074 2734 1181 2800 Bruto
1204 2734 1319 2800 consul
1340 2735 1444 2802 fieret
1487 2732 1554 2799 Sed
1577 2753 1653 2798 oum
1672 2733 1801 2798 interea

228 2854 350 2922 Caesar
370 2856 565 2922 interiectus
588 2861 689 2933 esset,
717 2856 865 2921 Plancus
892 2876 912 2920 ι
934 2854 1094 2922 Cicerone
1116 2855 1227 2939 petiit,
1255 2860 1293 2919 ut
1319 2854 1356 2918 in
1383 2857 1502 2920 senatu
1523 2854 1718 2920 auctoritate
1741 2873 1821 2938 sua,

226 2975 439 3053 adniteretur,
462 2997 504 3042 ne
527 2975 678 3042 Caesaris
701 2982 775 3042 acta
795 2961 1078 3054 subuertereutur,
1101 2997 1166 3059 quo
1188 2975 1275 3040 iacto
1296 2975 1369 3059 ipse
1389 2974 1597 3058 prouinciam
1619 2974 1801 3040 amissurus

226 3094 358 3172 fuisset,
392 3096 433 3161 ad
465 3116 565 3179 qnam
596 3096 857 3179 postulationem
890 3095 948 3160 ille
980 3095 1154 3180 respondit
1186 3117 1235 3180 ep.
1258 3094 1303 3160 Π.
1325 3093 1376 3160 37.
1397 3101 1433 3160 et
1453 3093 1480 3159 L
1503 3067 1561 3159 41)
1615 3093 1707 3178 Ergo
1739 3093 1800 3160 has

228 3215 387 3299 epistulas
416 3215 550 3298 (decimi
576 3214 655 3281 libri
682 3222 761 3280 suut
786 3215 894 3298 prima
921 3215 1100 3301 etaltera)
1129 3213 1169 3279 de
1196 3215 1367 3298 prouincia
1398 3221 1432 3280 et
1459 3214 1634 3282 consulatu
1659 3213 1801 3298 scriptas
1871 3279 1876 3296 p

226 3333 334 3418 putat!
367 3333 434 3402 Ubi
456 3334 592 3400 tandem
613 3335 684 3400 eius
713 3337 846 3420 generis
869 3335 1055 3401 sententiae
1077 3335 1118 3400 de
1145 3321 1330 3418 prouincia,
1358 3311 1414 3400 ubi
1440 3333 1480 3399 de
1503 3332 1698 3400 consulatu?
1730 3332 1800 3398 Ad-

226 3453 338 3518 firmat
359 3452 493 3536 quidem
515 3453 631 3520 Cicero
660 3461 694 3520 at
720 3455 756 3520 in
783 3455 837 3520 his
859 3453 985 3522 duabus
1013 3453 1166 3538 epistulis
1193 3461 1227 3520 et
1253 3453 1290 3518 in
1316 3453 1390 3519 aliis
1417 3453 1558 3520 multam
1585 3473 1679 3538 spem
1707 3473 1801 3519 suam

226 3572 371 3656 positam
394 3593 467 3637 esse
489 3572 525 3638 in
550 3572 642 3640 illius
664 3573 866 3639 exercitibus
888 3580 923 3639 et
946 3573 1123 3640 consulatu
1144 3595 1245 3656 seque
1268 3593 1401 3658 sperare
1424 3573 1516 3639 addit
1535 3573 1700 3640 Plancum
1722 3595 1801 3640 oon·
1909 3609 1913 3615 ·

123 3717 127 3724 ·
228 3691 373 3758 sulatum
395 3691 565 3774 aliquanto
588 3699 665 3758 ante
688 3713 787 3776 quam
809 3714 828 3758 e
849 3692 924 3776 lege
946 3692 1033 3758 Iulia
1059 3693 1224 3758 initurum
1249 3715 1336 3772 esse,
1364 3683 1510 3759 Plancus
1537 3715 1572 3759 se
1599 3693 1635 3758 in
1660 3700 1800 3777 unoque

227 3811 428 3895 magistratu
447 3809 592 3894 gerundo
616 3818 650 3876 et
672 3809 824 3877 Ciceroni
846 3817 880 3876 et
905 3812 1130 3897 reipublicae
1158 3813 1425 3880 satisfacturum
1453 3834 1527 3879 esse
1553 3815 1678 3880 iterum
1703 3820 1800 3896 atque

228 3927 348 3994 iterum
377 3929 545 4014 promittit
571 3967 612 3978 -—
628 3929 804 3996 »dubitatio
832 3953 939 4015 neque
967 3931 1007 3998 de
1033 3933 1206 4018 prouincia
1222 3920 1284 3998 ‘est
1314 3933 1384 3998 nlla
1414 3921 1523 4016 neque
1543 3931 1590 4025 ¹ds
1618 3932 1800 4022 consulatu

229 4043 277 4112 Ut
297 4068 376 4112 uero
399 4049 638 4128 dubitauerint,
666 4056 704 4116 ut
724 4050 871 4118 Plancus
895 4050 1065 4118 Ciceronis
1088 4052 1251 4120 auxilium
1271 4052 1502 4137 inplorauerit,
1530 4059 1568 4120 ut
1590 4075 1629 4120 eo
1651 4060 1800 4136 tempore

227 4165 264 4230 in
286 4173 404 4230 senatu
426 4166 466 4232 de
487 4170 561 4254 lege
582 4169 671 4236 Iulia
697 4171 840 4256 egerint,
868 4172 942 4255 quis
969 4171 1103 4237 tandem
1131 4190 1208 4238 oum
1229 4170 1403 4238 Dietschio
1426 4171 1621 4239 Ciceronem
1643 4160 1739 4258 putet
1763 4171 1800 4236 in

227 4278 316 4352 hunc
338 4285 475 4351 modum
496 4289 537 4352 ad
559 4291 730 4362 consulem
752 4290 963 4376 designatum
985 4291 1025 4357 de
1048 4291 1095 4358 eis
1112 4291 1211 4358 rebus
1227 4291 1423 4377 scripsisse?
1457 4274 1650 4375 Quodnam
1665 4291 1799 4357 omnino

233 4404 409 4488 quisquam
423 4405 570 4472 facturus
585 4409 685 4474 fuerit
700 4409 822 4488 dubito,
847 4410 1042 4476 Ciceronem
1064 4432 1132 4477 non
1153 4410 1282 4486 fecisse,
1304 4410 1371 4477 nisi
1386 4411 1497 4477 omnia
1517 4432 1571 4476 me
1587 4409 1716 4488 fallunt,
1739 4431 1799 4495 pro

330 4660 357 4727 1)
376 4661 511 4717 Ciceronis
528 4681 570 4733 ep.
590 4665 636 4732 sel.
655 4664 755 4719 Teubn.
775 4666 849 4720 1855.
868 4684 931 4736 pars
950 4667 973 4720 1.
992 4682 1051 4736 pag.
1065 4667 1122 4722 126.
1140 4667 1209 4721 med.
