4090 5438
834 237 1253 338 m29-'

208 470 275 534 his:
308 469 454 552 perfice,
487 472 526 532 ut
550 467 732 534 reminas
758 436 971 552 respublica
997 467 1071 545 tibi,
1105 487 1205 554 quam
1230 471 1269 533 tu
1295 463 1521 551 reipublicae
1542 464 1680 545 debeas’,
1708 487 1783 534 cum

194 589 323 676 xpaullo
345 595 422 654 ante
444 587 526 654 haec
549 586 751 671 scripsisset:
784 579 930 666 ,senatus
952 589 1099 673 grauior,
1128 588 1347 692 constantior,
1374 586 1511 652 amicior
1537 587 1604 652 tuis
1630 586 1782 654 laudibus

209 703 286 776 esse'
306 729 373 773 non
394 707 513 792 potuit,
537 727 636 791 quam
658 714 730 772 tum
751 707 822 773 fuit’
846 712 887 791 (a
905 707 933 774 d.
949 708 991 774 V.
1012 707 1172 792 Ithpr.)
1178 730 1187 787 3
1209 729 1282 785 ,nec
1304 728 1385 812 nero
1405 706 1468 772 tibi
1490 713 1625 774 senatus
1648 707 1783 774 amicior

209 850 309 912 quam
331 834 451 894 cuncta
473 825 608 892 ciuitas'.
631 865 673 874 -
701 824 790 908 Quid
810 849 892 893 uere
915 827 1003 911 quod
1023 827 1169 894 Plancus
1196 825 1254 892 ubi
1280 826 1475 893 inmortales
1501 847 1584 910 quas
1604 825 1687 893 dicit
1708 848 1782 911 gra-

93 953 96 961 “
208 949 273 1014 tias
297 947 450 1022 Ciceroni
472 946 553 1030 agit:
587 945 664 1024 ,nisi
685 947 779 1012 forte'
805 945 915 1032 iuquit
941 954 1051 1026 ,ut-'tu
1080 947 1277 1032 grauissime
1299 947 1583 1030 disertissimeque
1611 946 1783 1031 scripsisti,

207 1069 257 1136 ita
283 1089 443 1134 sensurus
463 1085 521 1144 es,
553 1074 592 1132 ut
622 1087 676 1132 me
707 1067 831 1133 referre
858 1069 1000 1152 gratiam
1024 1075 1122 1152 putes
1155 1089 1229 1133 cum
1254 1061 1416 1133 m'emoria
1446 1065 1595 1160 tenebo'?
1639 1067 1783 1133 Ubinam

208 1189 290 1257 haec
316 1190 353 1252 in
374 1186 567 1252 duodecima
589 1186 760 1256 Ciceronis
786 1188 949 1272 epistula?
981 1188 1123 1254 Frusino
1145 1194 1352 1272 quaerentur.
1395 1187 1486 1264 Num
1511 1187 1615 1270 igitur
1628 1185 1783 1252 Plancus
1841 1191 1843 1199 ’

209 1308 420 1392 undecimam
442 1307 619 1391 epistulam
645 1329 713 1373 non
741 1308 850 1373 solum
871 1307 914 1374 ad
938 1307 1166 1374 duodecimam
1189 1307 1359 1373 Ciceronis
1386 1307 1572 1390 rescripsit,
1600 1305 1658 1372 sed
1684 1305 1784 1371 simul

210 1429 249 1494 ad
271 1429 385 1494 nescio
406 1449 506 1510 quam
527 1413 655 1492 aliam?
680 1427 818 1494 Nullam
839 1429 995 1512 reperias.
1032 1428 1149 1511 Itaque
1164 1427 1345 1504 Manutius,
1369 1426 1426 1510 qui
1448 1425 1539 1492 solus
1554 1426 1784 1494 Tullianarum

150 1529 152 1536 ,
210 1523 427 1632 epistularum
447 1548 614 1632 interpres
635 1569 710 1612 eam
730 1569 803 1614 rem
825 1549 942 1632 tangit,
965 1548 1129 1614 Plancum
1146 1546 1316 1614 Ciceronis
1339 1546 1466 1641 aliquas
1485 1547 1616 1612 litteras
1639 1567 1722 1630 quae
1744 1545 1785 1612 ed

209 1675 357 1734 nostram
391 1663 534 1732 aetatem
564 1689 633 1732 non
660 1653 876 1752 peruenerint
903 1667 1068 1752 respicere
1099 1668 1224 1734 statuit
1279 1667 1353 1751 Ege
1381 1687 1459 1732 uero
1492 1687 1535 1732 ne
1562 1667 1625 1732 hoc
1653 1665 1785 1750 quidem
1856 1683 1859 1698 ·

210 1787 425 1856 statuendum
446 1807 520 1852 esse
543 1808 670 1855 censeo.
711 1787 750 1856 Si
772 1788 862 1854 enim
884 1767 1030 1854 Plancus
1055 1809 1138 1872 quae
1162 1787 1297 1871 scripsit
1318 1786 1360 1852 ad
1382 1787 1539 1854 amissam
1561 1785 1705 1870 aliquam
1729 1785 1784 1852 Ci-

210 1895 539 1990 ceronis'epistulam
560 1908 796 2003 rescripsisset,
819 1908 865 1973 M.
889 1909 1018 1974 Pullius
1040 1908 1076 1973 in
1099 1928 1139 1973 ea
1160 1907 1303 1992 epistula
1326 1927 1361 1972 se
1383 1907 1422 1972 Ir.
1442 1907 1630 1972 Munatium
1653 1912 1785 1990 gratum

158 2077 159 2082 η
211 2027 479 2095 existimaturum
502 2049 574 2093 esse
597 2027 814 2124 adfirmasset,
839 2029 868 2094 si
890 2049 972 2112 quas
994 2049 1048 2094 res
1068 2027 1144 2112 ipse
1157 2029 1200 2100 in
1216 2034 1334 2096 senatu
1348 2049 1408 2111 pro
1424 2048 1463 2093 eo
1479 2025 1647 2112 gessisset,
1671 2047 1785 2091 earum

211 2169 322 2214 rerum
343 2147 538 2230 memoriam
560 2155 650 2214 esset
672 2155 873 2216 seruaturus.
905 2148 954 2214 At
976 2125 1118 2233 gratiam
1139 2147 1229 2214 hunc
1250 2149 1287 2212 in
1308 2146 1443 2213 modum
1465 2139 1599 2232 exigere
1621 2167 1703 2210 num
1723 2146 1782 2211 ho-

210 2267 310 2335 minis
332 2274 384 2359 est
405 2266 545 2333 urbani?
577 2268 667 2334 Num
680 2269 745 2350 ¹fuit
761 2267 953 2334 Ciceronis?
985 2269 1076 2334 Num
1098 2269 1128 2334 si
1150 2269 1219 2334 suis
1233 2268 1357 2334 litteris
1380 2267 1548 2351 exegisset
1568 2266 1604 2330 in
1627 2287 1666 2332 ea
1686 2287 1785 2349 quam

209 2387 382 2472 rescripsit
403 2387 548 2471 epistula
569 2391 633 2472 (ep.
651 2387 699 2465 19.
722 2389 789 2476 est)
810 2388 894 2454 ,haec
920 2387 1122 2473 respondere
1144 2388 1322 2473 potuisset:
1355 2387 1576 2470 ,Quamquam
1603 2386 1786 2471 gratiarum

198 2509 375 2590 ⁸actionem
397 2527 417 2571 a
437 2512 472 2572 te
494 2528 562 2572 non
584 2484 819 2574 desiderabam’
843 2515 878 2573 et
899 2529 928 2592 q.
952 2510 997 2574 s?
1034 2508 1125 2590 Quid
1139 2507 1234 2592 quod
1256 2508 1402 2574 Plancus
1424 2508 1513 2574 inter
1536 2527 1611 2572 eum
1634 2505 1691 2590 qui
1713 2525 1786 2590 gra·

210 2628 275 2693 tias
301 2633 416 2710 ageret
443 2631 476 2692 et
503 2628 560 2710 qui
586 2629 727 2694 referret
752 2629 894 2712 gratiam
921 2637 1052 2696 tantum
1077 2630 1240 2696 interesse
1269 2629 1414 2713 scripsit,
1448 2635 1486 2694 ut
1512 2629 1585 2712 ipse
1614 2626 1785 2693 Ciceronis

211 2749 313 2816 tantis
337 2747 454 2814 officiis
477 2748 606 2832 agendo
628 2749 753 2832 gratias
776 2756 891 2832 posset
911 2749 1125 2842 respondere,
1144 2747 1317 2814 referendo
1339 2770 1408 2814 nen
1422 2749 1556 2832 posset?
1591 2743 1785 2820 Ciceronem

209 2889 346 2936 neeesse
367 2869 432 2934 frit
454 2869 523 2935 suis
538 2869 660 2934 litteris
675 2869 850 2968 Plancum,
871 2876 910 2935 ut
929 2871 1054 2954 gratias
1076 2891 1145 2936 non
1167 2869 1276 2936 solum
1298 2876 1412 2954 ageret
1434 2867 1492 2934 sed
1514 2869 1614 2954 etiam
1636 2868 1785 2944 referret,
1896 2927 1900 2934 .

122 2968 125 2982 ”
210 2989 431 3055 admonuisse.
474 2989 655 3054 Praeterea
682 3010 794 3057 nonne
815 2989 856 3054 de
884 2991 991 3074 gratia
1016 2989 1191 3056 referenda
1215 2991 1252 3054 in
1278 2988 1394 3056 eadem
1421 2989 1564 3074 epistula
1585 2987 1784 3071 scripsisset,

211 3130 275 3192 qua
297 3108 406 3175 officia
428 3129 488 3174 sua
510 3109 685 3192 exposuit?
730 3107 798 3176 Sed
823 3116 862 3202 ut
889 3110 1078 3195 scripsisset
1101 3109 1217 3177 Cicero
1244 3111 1281 3174 in
1308 3110 1452 3194 epistula
1474 3109 1585 3192 aliqua
1605 3114 1682 3192 post
1704 3106 1784 3172 duo·
1846 3175 1848 3181 ,

210 3227 371 3294 decimam
394 3228 482 3306 data,
511 3249 594 3312 quae
621 3251 698 3296 eum
711 3230 869 3325 potuisse
895 3230 1039 3297 scribere
1065 3251 1166 3314 nego:
1200 3231 1275 3318 quis
1301 3230 1450 3308 tandem,
1477 3229 1545 3294 nisi
1565 3228 1664 3294 home
1686 3227 1785 3311 plane

210 3347 346 3414 insanus
374 3356 409 3414 et
433 3357 546 3415 mente
573 3359 704 3434 captus,
737 3351 966 3435 respondisset
988 3373 1071 3435 quae
1093 3351 1240 3417 Plancus
1266 3350 1439 3434 respondit
1463 3350 1500 3414 in
1521 3349 1609 3416 hune
1636 3347 1785 3416 modum:
1810 3395 1813 3404 ·

145 3549 148 3556 .
209 3467 272 3546 ,Ita
293 3475 327 3546 te
350 3470 475 3535 sentire
498 3471 671 3554 scripsisti,
699 3477 738 3536 ut
758 3493 812 3536 me
834 3472 959 3545 referre
982 3470 1124 3555 gratiam
1145 3477 1290 3555 putares,
1319 3491 1393 3537 cum
1417 3470 1526 3536 officia
1546 3477 1604 3534 tua
1625 3468 1786 3534 memoria

209 3595 366 3654 tenerem.
400 3586 468 3653 Sed
490 3610 551 3674 ego
573 3590 677 3655 tantis
699 3591 767 3656 tuis
791 3591 908 3656 officiis
930 3613 999 3655 non
1019 3590 1135 3687 uideor
1153 3591 1201 3656 mi
1221 3589 1422 3674 respondere
1437 3611 1544 3674 posse,
1567 3589 1646 3654 nisi
1668 3589 1784 3665 forte,

209 3715 248 3774 ut
268 3716 307 3772 tu
329 3708 526 3790 grauissime
549 3709 833 3794 disertissimeque
856 3712 1029 3796 scripsisti,
1051 3711 1100 3776 ita
1122 3733 1280 3777 sensurus
1304 3731 1349 3788 es,
1370 3717 1410 3777 ut
1430 3731 1484 3775 me
1506 3709 1629 3774 referre
1645 3707 1786 3792 gratiam

210 3833 318 3908 putes,
341 3849 417 3894 oum
439 3828 600 3894 memoria
620 3830 770 3895 tenebo’?
802 3831 920 3914 Itaque
943 3852 1017 3896 eum
1031 3831 1178 3897 Plancus
1201 3830 1242 3896 ad
1265 3851 1301 3896 se
1322 3831 1433 3915 ipsum
1453 3829 1493 3895 de
1515 3827 1689 3895 referenda
1710 3849 1784 3912 gra-

212 3944 259 4010 tia
282 3946 478 4015 Ciceronem
501 3945 676 4033 scripsisse
698 3972 767 4017 non
789 3937 889 4027 dieat,
918 3950 1034 4017 Cicero
1056 3949 1145 4017 dicat
1167 3973 1203 4016 se
1224 3973 1293 4017 non
1315 3951 1502 4034 scripsisse,
1529 3949 1625 4015 illum
1646 3954 1727 4033 puto
1749 3948 1785 4012 in

211 4083 262 4147 ep.
279 4066 326 4131 11.
349 4069 479 4134 nonde
501 4069 645 4153 epistula
668 4037 840 4136 Ciceronis
861 4072 1067 4138 mentionem
1089 4073 1210 4148 facere,
1240 4071 1297 4138 sed
1324 4080 1382 4138 aut
1403 4069 1447 4138 de
1466 4071 1551 4136 alius
1573 4069 1652 4136 libri
1673 4067 1784 4134 uerbis

210 4190 269 4248 aut
283 4183 323 4249 de
345 4185 398 4251 his
421 4190 579 4255 orationis
595 4211 656 4275 pro
671 4190 810 4256 Plancio
823 4193 846 4278 ¹)
871 4193 911 4271 (c.
927 4190 976 4258 28.
998 4191 1108 4279 ξ68.);
1132 4193 1283 4276 ,gratiam
1306 4199 1416 4258 autem
1439 4198 1473 4258 et
1489 4191 1545 4274 qui
1567 4191 1670 4256 refert
1685 4186 1786 4254 habet

209 4310 244 4370 et
265 4303 322 4387 qui
336 4305 436 4373 habet
457 4308 493 4372 in
515 4329 553 4374 eo
575 4310 658 4394 ipsc,
682 4310 769 4394 quod
785 4310 894 4390 habet,
917 4311 1087 4378 refert...
1119 4311 1152 4378 N
1154 4333 1190 4377 ee
1212 4294 1383 4378 minusei'
1408 4283 1573 4394 (Plancio)
1595 4306 1804 4388 ,redderem’'

210 4423 380 4510 (gratiam)
402 4426 586 4503 ,uoluntate
607 4430 697 4514 ipsa'.
900 4417 903 4422 ⁵

264 4681 278 4732 1
310 4598 336 4662 1)
342 4597 439 4734 &Quam
458 4600 612 4678 οτῑιὺίοιιοιῐι4
624 4619 653 4654 se
671 4591 932 4658 absoluisseCieero
955 4621 1025 4656 anno
1041 4621 1066 4656 u.
1084 4602 1162 4656 DCC.
1185 4603 1219 4656 ad
1237 4566 1362 4667 Quintum
1384 4603 1494 4656 fratrem
1516 4601 1625 4670 scripsit
1646 4601 1672 4652 in
1695 4600 1741 4652 lib.
1759 4602 1784 4652 3.

209 4694 250 4747 ep.
282 4697 329 4733 .c.
385 4686 481 4746 511.v
