4090 5438
865 243 1187 337 ss...4...-.

240 439 373 536 uidetur
393 467 497 552 missa
518 488 600 534 csse.
637 465 754 534 Cicero
778 468 876 547 enim,
898 474 937 534 ut
958 473 1031 532 erat
1051 467 1144 534 anxii
1166 467 1318 552 cautique
1341 451 1453 546 animi,
1475 467 1588 552 paullo
1610 477 1688 555 post
1708 472 1810 540 iuter-

239 589 364 682 feetum
380 586 565 664 ‚Caesarem
586 587 695 653 Roma
716 587 913 667 decesserat,
934 595 972 653 ut
993 587 1029 652 in
1051 587 1213 654 Achaiam
1236 609 1271 654 se
1295 587 1468 666 conferret,
1491 588 1597 674 pridie
1619 589 1695 656 Kal.
1719 589 1810 676 Sept

238 713 367 776 mutato
390 707 529 774 consilio
550 707 588 772 in
609 706 726 772 urbem
746 707 854 773 rediit.
886 707 960 777 Iam
981 706 1124 792 primam
1146 707 1324 792 epistulam
1343 706 1493 791 longiore
1519 708 1630 792 aliquo
1652 711 1812 794 temporis

240 827 347 912 spatio
368 826 544 893 interiecto
566 825 608 891 ad
629 825 793 892 Plancum
815 826 926 892 datam
953 847 1027 894 esse
1054 849 1097 895 ex
1123 827 1229 911 ipsius
1254 825 1424 894 Ciceronis
1446 827 1558 896 uerbis
1581 830 1812 912 cognoscimus

238 947 317 1028 bist
338 947 574 1030 ,Posteaquam
595 945 635 1012 de
657 967 731 1012 meo
754 967 853 1014 cursu
874 945 1097 1031 reipublicae
1123 967 1198 1011 sum
1225 967 1307 1014 uoce
1332 933 1523 1022 reuocatus,
1550 969 1731 1033 numquam
1752 971 1812 1034 por

238 1061 285 1133 M.
305 1065 492 1132 Antonium
514 1065 646 1150 quietus
667 1065 733 1132 fui’.
777 1065 872 1148 Quae
894 1047 1064 1132 autemin
1086 1065 1202 1132 eedem
1224 1065 1319 1150 epist.
1341 1067 1505 1151 particula
1525 1039 1813 1152 primasccuutur

239 1191 306 1269 (,ne
327 1185 459 1254 uoltum
479 1184 620 1269 quidem’
643 1191 677 1251 et
699 1206 728 1269 q.
751 1185 806 1272 s),
834 1207 874 1251 ea
899 1185 1086 1252 accuratius
1113 1191 1190 1250 ante
1213 1207 1311 1270 quam
1332 1185 1421 1252 diem
1448 1185 1592 1270 epistula
1617 1209 1685 1254 non
1706 1189 1814 1272 possit

238 1304 316 1374 data
338 1326 411 1371 esse
426 1304 555 1382 docent,
578 1305 701 1390 quippe
716 1325 799 1390 quae
821 1305 870 1370 ita
892 1307 1017 1392 scripta
1038 1305 1114 1384 sint,
1137 1313 1175 1370 ut
1189 1305 1359 1372 hominem
1375 1303 1527 1372 Ciceroni
1546 1305 1813 1374 inimicissimum

238 1446 277 1490 eo
299 1430 450 1508 tempore
470 1424 598 1490 Romae
619 1423 723 1492 imese
735 1423 910 1510 adpareat„
965 1423 1051 1490 Cum
1073 1446 1153 1492 uero
1174 1425 1220 1492 M.
1235 1425 1404 1491 Antonius
1426 1446 1454 1490 a.
1469 1424 1498 1490 d
1513 1425 1593 1490 1111.
1608 1426 1694 1493 Non:
1711 1423 1812 1510 Sept,

239 1564 303 1628 quo
323 1543 376 1610 die
393 1542 507 1610 Cicero
529 1545 672 1628 primam
694 1543 878 1612 orationem
892 1543 1117 1629 Philippicam
1138 1543 1263 1622 habuit,
1285 1545 1322 1608 in
1344 1545 1426 1612 urbe
1448 1567 1516 1610 nou
1537 1546 1637 1614 fuerit
1658 1547 1758 1628 (Phil.
1771 1547 1811 1612 V.

238 1662 266 1730 7.
287 1663 384 1746 519.)
404 1685 512 1748 neque
533 1663 670 1730 redierit
683 1663 825 1730 Romam
847 1670 924 1730 ante
947 1664 1126 1748 septimum
1148 1663 1313 1732 decimum
1335 1663 1431 1742 diem,
1453 1665 1563 1750 prima
1582 1665 1642 1739 illa
1661 1665 1706 1731 M.
1722 1665 1813 1732 Pulli

238 1782 383 1868 epistula
404 1789 482 1850 ante
503 1782 593 1848 hunc
613 1783 725 1867 ipsum
746 1783 835 1850 diem
858 1790 899 1868 (a
920 1782 949 1847 d.
969 1782 1067 1850 xm
1090 1782 1165 1850 Kal.
1183 1783 1271 1866 Oct)
1295 1789 1386 1850 certe
1406 1783 1484 1850 data
1505 1805 1579 1850 asse
1601 1807 1670 1852 nou
1691 1792 1812 1870 potest.
1934 1793 1937 1820 ⁵

236 1900 378 1968 ¹Accedit
400 1901 486 1986 quod
511 1922 619 1986 neque
647 1923 790 2000 eaquae
817 1902 854 1968 in
875 1901 1082 1998 primasius
1108 1903 1274 1986 particula
1301 1910 1380 1970 sunt
1406 1911 1583 1988 postquam
1603 1903 1720 1972 habuit
1740 1907 1811 1970 An-

237 2021 349 2088 tonius
371 2021 465 2087 illam
487 2020 685 2098 orationem,
713 2043 778 2104 qua
799 2021 906 2106 primo
928 2003 1006 2106 post
1026 2021 1171 2108 raditum
1193 2023 1246 2090 die
1268 2023 1458 2090 aduersario
1484 2023 1669 2109 respondit,
1699 2027 1813 2094 statim

237 2141 363 2226 scripta
387 2140 558 2219 uidentur,
589 2147 624 2207 et
651 2140 767 2208 Cicero
794 2161 870 2210 curn
898 2163 934 2208 se
960 2117 1142 2227 numquam
1168 2165 1228 2228 per
1254 2144 1350 2208 illum
1377 2143 1526 2227 quietum
1552 2121 1655 2210 luisse
1688 2144 1814 2214 diceret

236 2261 325 2330 huuc
345 2261 560 2346 potissimum
581 2260 669 2328 diem
696 2261 911 2346 significauit;
946 2283 1011 2347 qua
1037 2284 1080 2330 ex
1106 2283 1142 2328 re
1169 2263 1312 2346 primam
1338 2263 1517 2348 epistulam
1545 2264 1710 2334 circiter
1731 2263 1810 2330 Ka-

215 2377 376 2450 lendas
398 2379 587 2452 Octobris
608 2381 748 2482 missam!
769 2404 842 2452 esse
863 2383 1079 2468 conligamus.

336 2502 377 2570 In
410 2473 557 2569 errorbm
582 2501 694 2587 paullo
726 2500 886 2570 maiorem
914 2502 1105 2569 Cruberum
1138 2503 1268 2568 altera
1290 2501 1461 2572 Ciceronis
1493 2503 1638 2588 epistula
1668 2501 1810 2580 induxit,

176 2667 178 2680 .
237 2643 336 2706 quam
356 2605 405 2690 eis
424 2621 539 2688 diebus
560 2623 616 2708 qui
636 2633 716 2688 sunt
735 2623 775 2688 ab
794 2642 822 2688 a
838 2622 867 2688 d.
883 2623 923 2687 V.
938 2623 986 2688 Id.
1002 2623 1082 2694 Deo.
1105 2623 1147 2688 ad
1168 2643 1195 2690 a
1211 2621 1240 2690 d
1255 2623 1353 2690 XIIL
1373 2623 1449 2690 Kal.
1464 2623 1534 2690 Ian.
1562 2623 1641 2690 anni
1656 2621 1810 2691 DCCXI.

238 2741 497 2828 scriptamesse
523 2747 621 2827 putat
642 2741 678 2827 (l.
702 2763 726 2808 s.
748 2763 822 2827 pag.
838 2741 915 2829 32).
959 2741 1048 2810 Sane
1075 2743 1159 2808 nibil
1185 2750 1239 2808 est
1263 2743 1299 2808 iu
1321 2743 1369 2810 eis
1395 2743 1523 2813 litteris
1546 2743 1633 2810 unde
1660 2743 1811 2828 proficis-

238 2880 359 2940 camur,
381 2869 420 2928 ut
442 2879 505 2946 quo
528 2861 581 2930 die
603 2861 699 2929 datae
722 2862 791 2928 sint
812 2877 1057 2947 cognoscamus,
1080 2862 1147 2931 nini
1169 2862 1256 2947 quod
1278 2861 1393 2928 Cicero
1415 2863 1543 2933 Antoni
1565 2869 1712 2948 armatos
1733 2883 1809 2930 nar·

237 2995 290 3050 rat
312 2981 473 3061 effecisse,
500 2982 596 3048 utin
618 2990 771 3050 senatum
784 2991 865 3050 tuto
888 2983 1004 3052 uenire
1026 2991 1243 3068 non-possem
1271 2989 1309 3048 at
1326 2981 1410 3048 haee
1428 2983 1502 3067 ipsa
1522 3003 1577 3051 res
1601 2982 1630 3050 si
1657 2989 1811 3080 accurate

113 3171 116 3180 ,
238 3103 349 3170 omnia
370 3102 668 3187 contemplabimur
690 3102 1046 3188 nobissuppeditabit,
1079 3102 1167 3170 unde
1194 3101 1420 3170 ratiocinando
1444 3102 1568 3186 aliquid
1589 3102 1811 3187 proficiamus.

237 3221 399 3288 Kalendis
423 3219 515 3308 Sept
528 3221 635 3301 enim,
658 3244 724 3308 quo
747 3222 800 3289 die
816 3222 931 3290 Cicero
953 3224 989 3289 in
1012 3231 1166 3291 senatum
1187 3243 1255 3288 non
1276 3229 1425 3301 uenerat,
1447 3244 1522 3291 cum
1543 3221 1649 3306 pridie
1668 3222 1812 3292 Romam

237 3339 393 3421 redisset,
425 3342 566 3409 alteram
592 3342 690 3410 huius
718 3341 796 3409 libri
822 3343 999 3428 epistulam
1027 3343 1186 3428 scriptam
1217 3363 1285 3410 nou
1312 3363 1386 3410 esse
1418 3341 1569 3426 adparet,
1603 3343 1812 3427 cumprime

239 3461 445 3546 epistula-
467 3470 545 3528 ante
568 3483 666 3547 quam
683 3453 879 3530 Ciceronem
900 3464 1028 3530 nullam
1049 3463 1091 3529 ad
1106 3463 1271 3528 Plancum
1287 3461 1417 3530 dedisse
1439 3483 1523 3546 quae
1544 3463 1581 3528 in
1603 3461 1664 3542 §L
1687 3464 1811 3547 scripta
1893 3478 1897 3484 ·

239 3587 318 3648 sunt
339 3581 420 3650 satis
442 3581 562 3648 docent
583 3619 625 3630 -
646 3582 721 3667 ipsa
745 3583 851 3648 multo
873 3590 951 3668 post
969 3582 1141 3651 Kalendas
1165 3579 1257 3667 Sept
1284 3573 1389 3648 missa
1413 3581 1467 3648 sit
1510 3571 1626 3665 Neque
1654 3589 1726 3648 orat
1752 3603 1809 3648 cur

237 3700 284 3768 M.
307 3699 439 3766 Pullius
459 3700 499 3767 de
522 3701 593 3768 rita
619 3722 680 3768 sua
700 3703 835 3768 timeret
860 3709 938 3769 ante
960 3724 1059 3788 quam
1080 3701 1192 3770 odium
1215 3723 1280 3785 quo
1304 3701 1442 3768 ardebat
1468 3702 1504 3768 in
1526 3702 1711 3768 Antonium
1732 3722 1808 3784 pro·

237 3819 386 3886 fudisset
434 3819 592 3888 Profudit
610 3842 638 3886 a.
660 3820 691 3886 d.
712 3819 792 3890 IIII.
818 3821 903 3888 Non.
928 3819 1020 3907 Sept.
1047 3821 1161 3888 habita
1185 3822 1295 3906 prima
1321 3821 1469 3888 oratione
1496 3821 1697 3906 Philippica,
1726 3841 1809 3904 quae

239 3939 363 4016 effecit,
396 3946 434 4004 ut
459 3939 518 4005 ille
544 3939 738 4009 inimicitias
760 3941 792 4007 ei
817 3939 979 4008 indiceret
1000 3941 1101 4022 (Phil.
1117 3942 1158 4006 V.
1181 3935 1209 4008 ’1.
1229 3941 1308 4028 ,19.).
1358 3941 1432 4022 Quo
1460 3962 1503 4036 er
1529 3939 1582 4006 die
1607 3940 1651 4008 de
1678 3939 1810 4008 Gruber

167 4051 172 4062 ’
236 4065 334 4144 putat
350 4057 544 4125 Ciceronem
566 4059 606 4125 ad
629 4081 655 4126 a
672 4059 701 4125 d.
717 4059 814 4126 XIII.
829 4059 905 4128 Kal.
920 4062 990 4128 Ian.
1012 4060 1049 4126 in
1071 4067 1223 4128 senatum
1245 4061 1360 4126 uenire
1383 4081 1450 4126 non
1472 4081 1546 4126 esse
1562 4045 1686 4126 ausum.
1725 4059 1811 4126 Cum

237 4201 317 4245 uero
349 4178 557 4263 grauioribus
591 4201 720 4264 quoque
748 4179 801 4245 die
833 4181 991 4265 periculis
1023 4178 1280 4265 inpendentibus
1313 4188 1463 4246 extremo
1476 4182 1496 4263 ¹)
1530 4200 1646 4245 mense
1673 4179 1812 4246 Octobri
1841 4259 1845 4268 ι

338 4421 367 4487 1)
385 4419 419 4474 In
436 4436 468 4474 eo
484 4419 520 4474 de
538 4419 643 4476 Creber
660 4425 687 4474 et
704 4420 818 4476 Abeken
835 4421 866 4488 (1
885 4439 906 4476 s.
924 4437 985 4492 pag.
997 4421 1056 4476 eal.
1075 4421 1120 4490 al.)
1139 4425 1303 4486 emanarunt,
1325 4419 1378 4476 nisi
1395 4419 1481 4486 fallor,
1504 4436 1564 4474 cum
1583 4419 1677 4472 Cicero
1694 4433 1747 4470 non
1765 4433 1810 4472 ex·

236 4511 323 4560 tremo
341 4505 391 4558 sed
406 4505 513 4560 medio
530 4521 623 4560 mense
641 4506 752 4560 Octobri
769 4508 837 4562 urbe
854 4507 1003 4564 excessisse
1020 4507 1150 4560 uideatur.
1185 4507 1309 4575 Uterque
1326 4505 1397 4562 enim
1415 4506 1529 4570 liberas,
1551 4521 1617 4574 quas
1633 4503 1764 4556 babemus
1782 4503 1811 4556 iu

230 4585 299 4662 app.
316 4589 353 4644 ed
369 4589 452 4644 Attio.
463 4590 526 4646 XV.
545 4593 593 4659 la,
612 4609 634 4645 a
655 4592 680 4646 d.
698 4591 779 4646 VIII.
796 4593 858 4648 Kal.
875 4593 946 4649 Non.
962 4593 1039 4648 datas
1057 4589 1236 4658 consumant,
1252 4591 1323 4646 alter
1341 4607 1374 4646 ex
1391 4591 1546 4654 Puteolano,
1565 4589 1632 4642 ulter
1649 4591 1695 4642 ant
1711 4589 1810 4642 Puteo·

237 4677 300 4737 lano
318 4679 364 4736 aab
381 4674 512 4745 arnano,
534 4691 603 4750 quae
621 4675 752 4734 dubitatio
774 4677 809 4730 ad
830 4681 950 4732 nostram
971 4677 1079 4747 quidem
1097 4677 1280 4746 quaestionem
1302 4667 1370 4728 nihil
1392 4675 1465 4729 facit
1499 4675 1558 4728 Iam
1579 4689 1643 4728 nero
1661 4673 1755 4730 Cicero
1777 4689 1809 4728 eo
