4090 5438
765 213 1199 342 *214*-

351 475 405 540 De
429 473 751 540 duodeuicesima
773 472 917 558 epistula
932 471 1085 538 Grubero
1108 473 1284 550 adsentior,
1308 474 1364 556 qui
1387 495 1459 538 eam
1482 495 1509 538 a.
1525 474 1555 539 d.
1569 473 1649 539 XII.
1664 474 1739 541 Kal.
1755 475 1831 569 lun}

249 596 387 660 missam
410 615 483 658 esse
506 594 594 673 dicit,
618 594 675 678 qui
697 592 768 658 dies
790 594 826 658 in
848 593 963 677 partic.
980 600 1097 676 quarta
1119 601 1404 659 commemoratur.
1440 593 1554 660 Minus
1577 602 1667 660 recte
1683 591 1827 661 Schuetz

251 735 306 779 ess
328 713 459 779 litteras
481 713 593 798 paullo
615 719 693 798 post
719 714 815 778 illum
838 713 926 778 diem
948 713 1042 778 datas
1070 735 1143 778 esse
1172 714 1297 778 statuit.
1342 713 1428 778 Nam
1451 713 1570 780 Planci
1596 711 1710 798 ipsius
1726 715 1829 780 uerba

251 802 335 917 quae
352 835 398 898 in
431 841 581 900 extrema
612 833 757 918 epistula
782 835 941 918 leguntur
967 834 1062 898 haec:
1095 831 1241 916 ,quibus’
1271 832 1417 920 (diebus)
1445 833 1519 911 ,has
1541 833 1674 901 'litteras
1702 834 1828 922 dabamf

171 979 181 1000 r
252 953 480 1020 demonstrare
503 953 660 1019 uidentur
681 961 811 1018 certum
833 953 920 1018 diem
944 975 1044 1039 supra
1067 960 1361 1020 commemoratum
1385 975 1472 1033 esse;
1500 975 1608 1038 neque
1634 977 1714 1021 uero
1740 955 1828 1022 ullus

252 1073 322 1139 dies
344 1075 380 1139 in
404 1073 548 1158 epistula
569 1081 847 1140 commemoratur
868 1074 936 1138 nisi
956 1073 1014 1141 ille
1037 1095 1135 1157 quem
1157 1073 1303 1139 diximus
1326 1095 1353 1138 a.
1369 1073 1398 1138 d.
1413 1073 1493 1138 XII.
1515 1073 1593 1139 Kal.
1613 1075 1686 1141 Iun.
1722 1075 1828 1141 Acoe-

252 1193 302 1258 dit
316 1213 354 1260 eo
371 1193 458 1276 quod
470 1193 628 1271 Plancus,
650 1199 842 1277 postquam
864 1193 1015 1258 narrauit
1037 1215 1072 1258 se
1096 1215 1134 1258 eo
1150 1193 1204 1258 die
1226 1192 1266 1258 ab
1288 1191 1383 1258 Isara
1405 1179 1515 1258 castra
1536 1195 1690 1272 mouisse,
1713 1194 1749 1259 in
1771 1217 1828 1260 ex·

252 1320 359 1379 trema
382 1313 537 1396 epistula:
561 1313 665 1397 ‚Ipse',
688 1309 798 1397 inquit
818 1320 867 1391 ,ut
890 1335 996 1398 spero,
1020 1313 1136 1379 diebus
1159 1319 1232 1379 octo
1250 1314 1368 1398 quibus
1384 1314 1445 1380 has
1466 1314 1597 1380 litteras
1614 1314 1733 1382 dabam
1754 1287 1830 1380 cum

252 1433 372 1519 Lepidi
400 1433 504 1517 copiis
531 1455 585 1498 me
617 1434 834 1518 coniungam,
868 1455 952 1518 quae
986 1439 1058 1499 erat
1092 1456 1222 1498 summa
1253 1433 1435 1499 multarum
1468 1435 1696 1518 epistularum.
1741 1417 1854 1517 Quid

252 1555 363 1618 enim?
401 1554 486 1620 Oum
508 1554 656 1638 Lepidus
679 1575 717 1620 eo
740 1561 892 1638 tempore
914 1554 955 1619 ad
977 1553 1104 1620 Forum
1123 1555 1254 1622 Uoconi
1266 1557 1286 1637 ¹)
1309 1562 1419 1620 castra
1440 1554 1580 1621 haberet
1592 1559 1642 1628 ,έ-
1663 1541 1832 1621 numitor

253 1680 324 1738 erat
345 1674 422 1759 plus
445 1680 520 1740 octo
543 1674 693 1739 dierum?
738 1675 828 1739 Num
850 1675 1005 1753 Plancus,
1034 1675 1091 1758 qui
1113 1674 1153 1739 de
1177 1674 1346 1741 celeritate
1369 1696 1429 1742 sua
1451 1675 1636 1760 agendique
1660 1675 1769 1742 studio
1793 1699 1832 1742 eo

252 1796 359 1878 magis
375 1781 523 1879 ‘gloriari
558 1795 699 1872 solebat,
734 1813 797 1877 quo
824 1794 936 1860 minus
964 1816 1079 1860 earum
1096 1794 1224 1860 'rerum
1254 1795 1291 1860 in
1319 1817 1357 1861 eo
1386 1803 1470 1874 erat,
1504 1796 1645 1862 nimium
1673 1797 1834 1881 temporis

253 1916 398 2000 spatium
420 1916 492 2000 ipse
507 1914 701 1993 definiisset,
724 1935 799 1980 oum
823 1915 851 1978 si
873 1915 1008 1992 omnino
1031 1915 1162 1980 nullum
1177 1914 1370 1992 definiisset,
1394 1937 1492 1982 nemo
1514 1915 1655 1982 moleste
1677 1916 1834 1983 tulisset?

252 2038 370 2120 Itaque
403 2036 581 2120 epistula
613 2035 938 2128 duodeuicesima
965 2057 1029 2118 quo
1057 2036 1111 2101 die
1138 2035 1285 2102 Plancus
1313 2037 1353 2103 ab
1380 2035 1475 2102 Isara
1507 2042 1616 2102 castra
1641 2036 1760 2115 mouit,
1795 2059 1833 2102 eo

254 2158 378 2242 scripte
399 2154 541 2240 estqui
562 2155 632 2222 dies
655 2163 728 2220 erat
749 2177 776 2220 a.
799 2154 829 2219 d.
851 2155 940 2221 XII.
963 2155 1048 2222 Kal
1070 2156 1153 2221 Iun.

355 2277 484 2345 Unius
507 2283 547 2342 et
572 2277 791 2342 uicesimae
819 2275 1021 2360 epistulae
1048 2276 1290 2362 particulam
1311 2253 1529 2361 *septimam
1552 2280 1625 2362 (ep.
1648 2275 1745 2364 ilb.)
1772 2299 1833 2362 per

194 2373 197 2382 .
253 2421 289 2464 se
326 2400 493 2482 integram
531 2397 709 2482 epistulam
747 2389 820 2462 esse
858 2418 966 2481 neque
1005 2371 1080 2463 cum
1119 2395 1346 2481 superioribus
1383 2397 1557 2482 particulis
1586 2389 1744 2484 (1-6.)'
1767 2397 1833 2463 nisi

253 2541 312 2606 per
351 2537 497 2586 errorem
534 2518 570 2583 in
608 2517 720 2583 codice
757 2516 907 2594 Mediceo
947 2519 1158 2584 coniunctam
1201 2553 1243 2568 -
1280 2517 1315 2584 id
1353 2518 1439 2605 quod
1476 2519 1512 2584 in
1551 2519 1703 2602 epistulis
1742 2525 1833 2584 tran-

255 2637 437 2705 scribendis
457 2639 654 2722 ‚saepissime
676 2639 800 2703 factum
822 2645 874 2704 est
896 2675 938 2686 -·-
966 2637 1006 2704 de
1030 2637 1164 2704 Gruber
1185 2639 1221 2704 in
1242 2639 1263 2704 l.
1286 2659 1406 2724 apag.
1422 2639 1473 2705 35.
1495 2639 1604 2705 media
1626 2639 1833 2706 demonstra-

144 2763 145 2768 ’
253 2760 312 2826 uit.
355 2758 434 2842 Ipse
460 2779 540 2824 uero
566 2759 602 2823 in
625 2779 663 2824 eo
691 2759 830 2844 errat²)‚
861 2757 948 2842 quod
974 2779 1048 2822 eam
1075 2758 1254 2842 epistulam
1280 2764 1358 2824 ante
1388 2757 1524 2843 opem.
1550 2758 1862 2845 (duodeuicesima

254 2880 353 2958 huius
375 2879 454 2944 libri
475 2883 539 2961 est)
564 2886 598 2944 et
617 2879 652 2942 in
676 2856 790 2944 tabula
812 2899 873 2945 sua
894 2879 991 2964 ponit
1012 2886 1047 2944 et
1068 2900 1088 2944 a
1108 2879 1235 2944 Planco
1258 2879 1369 2944 datam
1392 2901 1465 2946 esse
1488 2878 1576 2957 dicit,
1606 2900 1682 2944 oum
1709 2881 1833 2964 epistu-
1903 2925 1906 2934 .

256 3001 325 3066 lam
347 2999 423 3066 alb.
445 3005 528 3076 ante
546 2999 722 3084 septimam
744 2999 906 3065 decimam
927 3000 1065 3065 missam
1087 3021 1160 3065 esse
1183 3011 1234 3064 ex'
1249 3021 1298 3084 ep.
1322 2995 1371 3064 17.
1394 3007 1411 3079 ᾗ
1433 2999 1494 3082 2³)
1520 2999 1749 3084 intellegatur3
1772 3023 1847 3094 un·-

255 3120 417 3186 decimam
440 3141 488 3204 ep.
512 3126 546 3184 et
567 3119 717 3202 quintam
739 3119 901 3185 decimam
923 3120 1053 3207 priores
1077 3141 1150 3186 esse
1172 3126 1262 3185 recte
1286 3120 1411 3185 statuit.
1457 3117 1525 3184 Sed
1547 3120 1741 3196 accuratius,
1768 3120 1835 3186 nisi

255 3241 365 3318 fallor,
393 3240 597 3324 inuestigare
618 3261 796 3324 possumus
818 3262 883 3322 quo
907 3239 959 3306 die
982 3239 1126 3324 epistula
1149 3239 1188 3304 21
1196 3239 1226 3306 b.
1249 3239 1337 3334 datax
1349 3239 1416 3304 sit·
1446 3237 1641 3306 Ciceronem
1664 3241 1760 3304 enim·
1777 3239 1833 3304 ad-

141 3401 144 3410 ,
254 3367 351 3447 paret
372 3361 411 3426 L.
433 3357 598 3439 Plancum
619 3382 679 3445 per
693 3361 889 3446 .nuntium⁴)
913 3361 984 3428 siue
1007 3361 1156 3446 legatum
1183 3360 1254 3425 siue
1278 3380 1412 3425 seruum
1434 3359 1660 3436 admonuisse,
1693 3365 1732 3424 ut
1759 3380 1835 3425 cum
1890 3411 1907 3432 .

360 3584 516 3655 1)up.>17.
543 3585 612 3648 §la
640 3584 695 3652 ,qui
717 3585 790 3640 locus
812 3603 828 3638 a
849 3585 920 3638 Foro
942 3584 994 3638 Iuli
1018 3588 1144 3654 quattuor
1166 3588 1194 3637 et
1215 3583 1311 3652 uiginti
1333 3583 1408 3636 milia
1430 3599 1556 3652 passuum
1578 3583 1662 3636 abest’
1686 3611 1717 3621 —
1740 3582 1834 3636 Planci

256 3672 340 3724 uerba
358 3675 427 3726 sunt.
1150 3703 1153 3710 ·

358 3757 384 3822 2)
403 3757 473 3809 Item
495 3755 594 3809 amauit
620 3755 647 3806 in
669 3755 808 3812 tractanda
830 3751 978 3826 epistula
999 3757 1038 3810 ad
1059 3755 1125 3808 Att.
1144 3755 1224 3808 IIII.
1243 3755 1300 3819 15,
1329 3771 1408 3822 qnam
1435 3769 1468 3806 ex
1494 3754 1587 3823 partic.
1606 3755 1630 3807 8.
1656 3753 1834 3822 intellegimus

256 3841 343 3912 pridie
361 3842 419 3894 eius
438 3842 490 3895 diei
507 3834 634 3911 scriptam
654 3857 720 3906 esse,
739 3841 784 3910 qui
806 3846 865 3895 erat
886 3860 909 3895 a.
927 3843 952 3895 d.
965 3842 1000 3894 V.
1018 3843 1080 3894 Kal.
1099 3841 1172 3910 Sept.
1207 3841 1277 3893 Eum
1294 3839 1367 3892 diem
1389 3839 1422 3892 de
1442 3839 1546 3894 Gruber
1563 3839 1580 3892 l.
1600 3857 1621 3892 s.
1640 3857 1701 3909 pag.
1719 3841 1743 3894 8.
1767 3857 1789 3892 a.
1808 3839 1833 3891 d.

256 3929 322 3982 IIII.
340 3928 401 3981 Kal.
421 3928 493 3996 Sept.
512 3928 596 3981 fuisse
615 3927 686 3992 dicit,
706 3943 766 3980 cum
783 3927 865 3981 fuerit
882 3945 904 3980 a.
923 3929 948 3980 d.
961 3927 1015 3980 VI.
1033 3927 1103 3981 Kal.

357 4015 385 4079 3)
403 4013 532 4078 ‚Fratrem
549 4030 638 4066 meum
720 4012 838 4082 grauiter
855 4029 883 4065 se
901 4013 1030 4066 habuisse
1048 4017 1128 4065 autea
1143 4011 1194 4064 tibi
1216 4011 1325 4080 scripsi'.

357 4097 386 4166 4)
406 4097 461 4151 Gur
478 4115 527 4168 per
539 4099 640 4152 litteras
652 4099 781 4152 Plancum
794 4097 944 4174 ut'fratrem
955 4098 1068 4150 Romam
1084 4098 1203 4150 mitteret
1220 4096 1362 4150 admonere
1374 4096 1491 4149 noluerit
1503 4095 1604 4161 (licere,
1617 4095 1713 4148 multas
1727 4111 1834 4148 caussas

256 4184 407 4252 excogitare
425 4199 572 4252 possumus.
603 4185 756 4237 Uel-ebatur
772 4184 843 4236 enirn
862 4183 982 4248 fortasse,
1000 4199 1034 4236 ne
1053 4196 1132 4252 quem
1150 4182 1389 4235 Romae‘laederet
1407 4199 1466 4234 cum
1483 4198 1541 4238 rem
1558 4181 1694 4250 publicam
1711 4181 1758 4233 tali
1777 4181 1834 4234 ciue

256 4273 380 4338 praetore
397 4269 517 4338 indigere
535 4271 670 4323 scriberet.
707 4269 784 4333 Quod
801 4273 832 4322 ut
853 4272 1001 4322 statuamus
1024 4285 1084 4322 curn
1103 4285 1170 4338 quae
1189 4267 1304 4321 Plancus
1326 4268 1354 4319 in
1372 4261 1413 4322 li.
1436 4283 1477 4336 ep.
1497 4271 1512 4332 5
1530 4267 1554 4319 2.
1577 4267 1716 4336 respondit
1733 4265 1835 4318 faciunt

256 4354 355 4419 (‚Quod
373 4355 396 4408 si
415 4355 460 4423 qui
477 4360 597 4408 uestrum
613 4373 667 4408 non
685 4355 818 4424 probabit,
837 4355 903 4406 mihi
921 4355 1089 4424 prudentiam
1106 4354 1135 4406 in
1154 4353 1263 4406 consilio
1278 4351 1397 4406 ¹defuisse
1415 4353 1487 4418 sciat,
1510 4369 1565 4424 non
1581 4352 1621 4404 illi
1639 4369 1704 4420 erga
1720 4351 1834 4419 patriam

256 4438 444 4507 fidelitatem),
467 4445 523 4493 tum
546 4457 578 4494 ea
600 4456 668 4508 quac
691 4441 785 4493 eodem
808 4440 863 4493 iere
886 4445 1007 4510 tempore
1031 4443 1062 4494 Ι).
1083 4441 1182 4493 Brutus
1205 4439 1238 4492 ad
1262 4438 1418 4492 Oioeronem
1443 4439 1553 4508 scripsit
1573 4438 1601 4490 in
1625 4436 1709 4490 LXI.
1733 4437 1834 4504 ep.10.

257 4524 359 4588 (‚Quae’
383 4554 414 4564 —-
436 4541 493 4578 rem
516 4525 733 4595 publicamdicit
755 4555 787 4564 -
810 4529 918 4594 ,quanto
940 4526 1025 4585 sitin
1048 4526 1168 4595 periculo
1250 4540 1389 4594 exponam.
1425 4525 1545 4577 Primum
1568 4522 1685 4576 omnium
1708 4526 1835 4590 quautam

257 4609 486 4678 perturbationem
504 4627 593 4664 rerum
610 4611 772 4663 urbanarum
789 4610 894 4664 adierat
917 4611 1007 4664 obitus
1031 4613 1168 4664 consulum
1191 4613 1370 4679 quantamque
1393 4608 1566 4678 cupiditatem
1583 4608 1721 4662 bominum
1742 4606 1835 4659 iniciat

258 4695 376 4750 uacuitas
398 4714 451 4751 non
473 4701 500 4750 te
522 4697 597 4766 fugit.
634 4695 704 4749 Satis
726 4713 769 4772 me
791 4697 874 4749 multa
887 4687 1046 4766 scripsisse,
1070 4713 1138 4764 quae
1160 4689 1258 4750 litteris
1281 4693 1461 4748 commendari
1482 4693 1598 4764 possint,
1622 4693 1750 4757 arbitron
1778 4692 1833 4746 scio
