4090 5438
836 289 1159 363 ..Π-

1418 379 1427 410 q
1460 382 1463 396 .

208 499 287 564 illos
310 517 345 562 se
367 515 540 561 reuooasse
563 494 644 558 dicit
665 494 701 558 in
728 493 843 559 eadem
872 495 966 578 epist.
989 495 1175 578 particula?
1224 495 1318 577 Quae
1346 516 1422 560 oum
1448 493 1497 566 ita
1523 494 1592 560 sint
1618 497 1786 562 neminem
1885 507 1888 516 ’

211 639 309 702 spero
336 617 405 680 fore
434 615 491 698 qui
517 612 602 678 illud
628 620 729 697 neget
750 613 915 680 Plancum
942 621 1099 697 quattuor
1125 615 1184 680 illa
1210 616 1357 698 equitum
1385 613 1478 680 milia
1499 621 1616 699 postea
1637 617 1786 682 Antonio

212 737 342 802 obuiam
369 735 502 800 misisse
529 754 628 817 quam
660 734 733 817 ipse
761 755 837 799 cum
865 735 1015 800 exercitu
1041 736 1170 800 Isaram
1197 713 1322 801 flumen
1354 735 1492 800 traiecit.
1540 736 1657 820 Neque
1691 737 1789 802 unius

211 857 275 922 diei
303 857 449 940 spatium
476 855 565 919 inter
592 875 648 918 eas
676 875 731 920 res
758 855 951 921 interfuisse
978 853 1125 931 uidetur,
1160 853 1218 921 sed
1244 856 1300 920 uel
1327 856 1391 921 duo
1419 855 1490 921 dies
1517 855 1573 921 uel
1597 862 1680 934 tres,
1716 878 1790 921 cum

138 1045 141 1052 ,
209 977 356 1042 Plancus
378 975 433 1040 his
455 974 567 1040 uerbis
588 995 670 1040 usus
693 975 749 1039 sit:
775 974 873 1051 ,Oum
894 995 975 1040 uero
1002 975 1086 1040 mihi
1112 947 1303 1040 nuntiatum
1331 975 1437 1052 csset’,
1465 997 1572 1058 neque
1601 976 1809 1059 ascripserit.

209 1119 265 1175 ,co
281 1095 343 1161 die'
356 1086 475 1177 neque
497 1089 673 1178 ‚postridie’
687 1097 718 1177 ¹).
755 1093 830 1176 Quo
853 1115 932 1160 uero
956 1095 1008 1160 die
1023 1072 1162 1160 fratrem
1185 1117 1260 1160 cum
1283 1095 1449 1178 equitibus
1473 1101 1591 1162 contra
1605 1095 1792 1160 Antonium

209 1217 317 1294 misit,
346 1215 461 1281 eodem
484 1215 634 1299 quintam
656 1214 818 1300 decimam
845 1214 944 1280 huius
971 1201 1049 1282 libri
1076 1215 1256 1298 epistulam
1278 1213 1382 1292 dedit,
1411 1237 1486 1280 cum
1513 1237 1556 1280 ue
1582 1214 1792 1280 undecimam

212 1336 359 1420 quidem,
388 1356 485 1419 quam
507 1335 634 1418 aliquot
656 1341 734 1400 ante
757 1322 827 1402 dies
851 1336 1045 1420 scripserat,
1074 1342 1152 1400 ante
1175 1356 1251 1402 eum
1273 1334 1361 1400 diem
1383 1333 1614 1419 perferendam
1637 1334 1791 1412 dedisset,

212 1462 251 1520 ut
284 1455 535 1520 subsecuturum
569 1462 722 1520 narraret
755 1476 790 1521 se
817 1457 955 1520 fratrem
984 1477 1071 1532 esse,
1105 1475 1173 1519 non
1207 1437 1430 1522 subsecutum.
1475 1454 1574 1537 Quod
1606 1475 1686 1520 uero
1718 1456 1791 1539 ipse

212 1576 365 1640 maximis
391 1575 570 1641 itineribus
599 1596 635 1640 se
662 1565 889 1660 profecturum
923 1597 997 1642 esse
1023 1559 1213 1661 pollicetur,
1249 1575 1336 1658 quod
1367 1573 1451 1640 nihil
1483 1575 1650 1640 exereitus
1679 1595 1792 1641 secum
1858 1597 1862 1603 ·

211 1695 329 1761 ducere
358 1697 478 1760 statuit
504 1696 572 1760 nisi
596 1695 746 1780 legiones
775 1695 947 1780 expeditas
974 1703 1008 1762 et
1035 1696 1197 1762 relicuum
1225 1695 1423 1779 equitatum,
1457 1695 1637 1778 uoluisse²)
1672 1696 1790 1760 saltem

209 1837 390 1901 properare
412 1792 577 1880 l'lanoum
599 1815 759 1882 uidemus.
797 1815 915 1900 Itaque
939 1837 988 1900 ep.
1011 1815 1129 1900 quinta
1151 1817 1279 1882 decima
1300 1815 1356 1883 uel
1378 1824 1496 1900 quarto
1522 1816 1578 1881 uel
1601 1817 1716 1900 quinto
1739 1815 1792 1881 die

210 1937 338 2020 scripta
360 1937 446 2032 est³)
468 1942 544 2020 post
559 1957 657 2020 quam
672 1936 819 2002 Plancus
842 1958 925 2021 quae
947 1936 1177 2021 respondisset
1191 1936 1340 2020 Lepidus
1357 1937 1523 2022 cognouit,
1545 1935 1603 2002 illo
1619 1935 1672 2002 dic
1694 1959 1791 2020 quem

210 2059 285 2142 ipss
307 2057 343 2121 in
364 2063 446 2140 part
462 2056 492 2120 3.
514 2057 620 2123 altero
643 2057 714 2122 loco
736 2059 857 2142 posuit.
885 2097 927 2106 -
961 2057 1071 2140 Quam
1099 2080 1171 2123 rem
1193 2057 1345 2142 pluribus
1372 2057 1484 2124 uerbis
1507 2057 1672 2142 explioaui
1695 2079 1793 2142 quam

212 2177 351 2261 placuit,
379 2197 454 2242 cum
481 2199 524 2242 ex
551 2197 591 2242 ea
616 2177 698 2244 haec
725 2179 875 2261 quaestio
904 2185 977 2244 tota
1002 2178 1170 2264 penderet.
1214 2179 1286 2243 Iam
1313 2186 1489 2264 perspecta
1511 2178 1639 2244 dierum
1665 2180 1796 2244 ratione

213 2297 278 2380 ipsi
304 2297 376 2362 dies
403 2297 461 2380 qui
488 2298 613 2363 fuerint
638 2298 843 2382 inuestigare
871 2301 1063 2384 poterimus.
1116 2301 1170 2364 De
1198 2299 1333 2366 Gruber
1360 2306 1394 2364 et
1422 2297 1558 2384 Suepfle
1585 2299 1795 2366 undecimam

213 2417 391 2502 epistulam
413 2439 440 2483 a.
464 2416 770 2486 nullanetus
799 2413 959 2504 scriptam
986 2442 1060 2486 esse
1087 2419 1215 2498 dicunt,
1244 2421 1394 2504 quintam
1422 2419 1584 2486 desimam
1611 2441 1638 2484 a
1661 2419 1690 2486 d.
1713 2419 1812 2486 ΠΠ.’

210 2537 260 2603 Id.
275 2537 398 2617 Maias3
420 2537 457 2603 in
479 2538 562 2622 ipsis
578 2539 697 2604 Planci
711 2538 824 2605 uerbis
840 2539 1016 2606 reddendis
1033 2563 1148 2606 omnes
1164 2540 1252 2624 quod
1275 2541 1378 2606 sciam
1401 2547 1540 2634 excepto
1555 2563 1623 2606 uno
1647 2540 1793 2608 codicem

212 2657 401 2734 Mediceum
428 2657 533 2723 secuti
560 2658 596 2722 in
626 2681 674 2743 cp.
698 2659 746 2724 15.
775 2667 857 2744 part.
878 2661 907 2725 3.
931 2668 965 2726 et
991 2683 1028 2738 ,a
1052 2660 1081 2726 d.
1104 2659 1184 2727 ΗΠ.
1206 2659 1254 2726 Id.
1276 2661 1385 2726 Maias
1412 2659 1554 2729 traduxi’
1584 2645 1733 2727 scribunt
1761 2667 1794 2726 et

212 2767 330 2861 paullo'
348 2777 436 2842 infra
456 2778 544 2855 ,misi
567 2800 592 2844 a.
615 2778 644 2843 d.
659 2779 699 2844 V.
716 2776 797 2847 Idus
811 2781 937 2859 Maias',
960 2803 1068 2866 neque
1091 2781 1172 2864 quin
1185 2781 1268 2847 haec
1290 2787 1379 2846 recte
1402 2803 1437 2847 se
1452 2780 1615 2846 haberent
1636 2781 1793 2846 uidentur

212 2897 426 2973 dubitauisse.
478 2897 562 2965 (lum
595 2919 675 2965 uero
709 2921 808 2983 quem
842 2899 930 2966 diem
957 2901 1104 2967 Plancus
1131 2904 1168 2968 in
1195 2902 1258 2977 §3-
1287 2902 1392 2967 altero
1419 2901 1491 2967 loco
1524 2902 1638 2986 posuit
1664 2901 1791 2987 (uerbis

213 3019 306 3112 ,misi'
330 3025 364 3084 et
387 3039 415 3102 q.
439 3023 479 3101 s.)
507 3041 583 3085 eum
610 3021 831 3105 posteriorem
852 3023 957 3088 fuisse
985 3019 1168 3089 uiderimus
1196 3043 1234 3087 eo
1261 3021 1328 3101 die,
1357 3023 1413 3107 qui
1434 3022 1544 3106 priore
1572 3021 1644 3087 loco
1670 3022 1794 3105 legitur

214 3139 305 3224 (ante
327 3159 398 3204 uoc.
423 3138 602 3225 traduxi),
630 3145 688 3207 aut
710 3140 798 3206 hunc
826 3149 884 3207 aut
909 3142 1006 3208 illuni
1034 3143 1121 3207 diem
1148 3141 1277 3208 librarii
1304 3163 1415 3208 errore
1442 3143 1479 3208 in
1506 3141 1618 3208 codice
1640 3139 1790 3207 Medioeo

213 3257 429 3342 deprecatum
450 3281 524 3325 esse
546 3265 647 3345 patet.
680 3260 775 3328 Idem
796 3261 1008 3346 Ragaaonius
1031 3261 1177 3329 sensisse
1200 3261 1340 3338 uidetur,
1363 3263 1453 3346 quia
1477 3262 1582 3327 altero
1603 3262 1676 3328 loco
1698 3261 1810 3336 nulla,

212 3377 322 3443 adlata
347 3380 489 3445 ratione:
518 3380 610 3464 ,prid
632 3380 681 3446 Id.
704 3381 819 3448 Maias'
843 3383 984 3468 scripsit.
1038 3382 1113 3465 Quo
1140 3383 1247 3467 magis
1271 3381 1456 3448 Graeuium
1481 3383 1586 3447 miror
1614 3381 1662 3462 (in
1689 3383 1792 3459 ,uaria

209 3498 360 3564 lectione'
386 3499 430 3565 Π.
458 3521 532 3584 pag.
552 3499 638 3583 325.)
666 3500 728 3567 hoo
762 3523 1050 3568 commemorasse:
1083 3502 1208 3588 uulgo:
1243 3502 1284 3569 ad
1318 3501 1424 3586 pridie
1451 3501 1531 3567 Idus
1558 3500 1646 3578 Mai’,
1679 3501 1791 3585 ipsum

211 3615 386 3704 scripsisse
408 3641 493 3703 quae
514 3621 551 3685 in
578 3619 688 3686 codice
708 3621 875 3706 leguntur.
918 3623 1101 3688 Praeterea
1123 3622 1270 3689 Orellius
1297 3622 1334 3686 in
1361 3622 1472 3688 codiee
1494 3621 1716 3688 Ambrosiano
1740 3619 1788 3685 13.

211 3741 325 3806 eodem
347 3740 406 3806 illo
429 3741 502 3806 loco
525 3741 620 3807 docet
643 3743 804 3826 scriptum
827 3765 913 3810 esse:
936 3765 973 3822 ,a
989 3744 1018 3808 d.
1034 3743 1097 3809 ΠΙ.
1118 3741 1215 3808 Idus’.
1249 3742 1322 3808 Iam
1345 3765 1419 3808 cum
1443 3763 1543 3826 supra
1565 3740 1648 3808 illud
1669 3741 1786 3826 proba-

211 3860 365 3938 uerimus,
387 3867 427 3925 ut
450 3881 557 3944 spero,
579 3861 745 3927 Plancum
759 3843 888 3946 equites
903 3863 1052 3930 Antonio
1068 3863 1208 3929 'obuiam
1229 3864 1362 3930 misisse
1386 3862 1439 3928 uel
1462 3859 1589 3929 duobus
1607 3863 1666 3958 'uel
1681 3863 1788 3928 tribus

314 4117 340 4183 1)
359 4118 462 4182 Quanta
479 4118 614 4172 cunctatio
633 4123 784 4192 quantaque
807 4120 905 4190 agendi
927 4121 1042 4174 tarditas
1064 4121 1093 4174 in
1109 4121 1210 4174 Planco
1232 4121 1324 4186 fuerit,
1349 4136 1381 4173 ea
1402 4136 1435 4174 ex
1452 4137 1482 4173 re
1501 4119 1693 4189 cognoscimus,
1717 4119 1789 4187 quod

208 4201 315 4270 aliquot
337 4205 408 4254 certe
429 4203 486 4256 dics
509 4208 570 4256 ante
592 4203 657 4257 Idus
680 4205 764 4259 Maias
787 4223 815 4259 se
837 4206 928 4259 statim
950 4207 1096 4261 exercitum
1118 4205 1244 4260 aduersus
1266 4205 1414 4260 Antonium
1436 4207 1575 4260 ducturum
1598 4221 1655 4258 esse
1678 4204 1788 4273 scripsit

209 4288 254 4353 (X.
274 4287 315 4340 15.
334 4287 378 4352 3.),
398 4304 420 4339 a.
439 4288 463 4339 d.
480 4287 545 4342 XII.
564 4289 625 4342 Kal.
644 4290 701 4342 Iun.
721 4295 809 4344 castra
826 4291 919 4345 habuit
937 4293 972 4346 ad
989 4286 1099 4344 Isaram.
1636 4307 1638 4313 ⁴

310 4371 338 4440 2)
358 4371 436 4436 Quod
453 4373 567 4428 Plancus
585 4375 683 4428 iterum
701 4377 814 4430 mutauit
831 4376 968 4430 consilium
981 4365 1019 4443 (id
1032 4377 1103 4446 quod
1122 4393 1154 4431 ex
1172 4377 1219 4430 lib.
1231 4377 1266 4429 X.
1284 4392 1345 4446 epp.
1359 4376 1398 4430 18.
1412 4381 1440 4430 et
1457 4377 1520 4429 alb.
1539 4375 1735 4444 intellegimus),
1758 4375 1787 4428 id

210 4457 244 4508 sd
259 4457 328 4510 hanc
338 4458 529 4526 quaestionem
547 4459 612 4512 nihil
630 4460 755 4531 pertinet.

309 4541 434 4607 31111101
452 4543 575 4606 Schuetz,
594 4545 640 4614 qui
658 4563 717 4599 eam
735 4545 877 4615 epistulam
895 4546 923 4598 in
941 4545 1132 4616 Allobrogibus
1150 4547 1279 4616 scriptam
1297 4563 1356 4601 esse
1374 4547 1518 4613 contendit,
1537 4563 1597 4600 cum
1615 4563 1683 4616 quae
1696 4547 1731 4600 X.
1744 4548 1784 4602 15.

209 4627 233 4679 3.
253 4629 282 4678 01
297 4627 331 4678 X.
350 4629 390 4682 11.
408 4631 433 4681 2.
451 4629 573 4699 legimus,
593 4646 651 4684 eam
670 4647 684 4684 c
704 4631 790 4685 Gallis
806 4631 976 4685 Narbonensi
994 4632 1083 4686 datam
1101 4649 1161 4686 esse
1179 4632 1300 4686 doceant.

310 4712 338 4776 4)
356 4713 426 4773 udit.
446 4713 541 4768 Graan.
560 4715 597 4769 11.
614 4733 674 4786 pag.
688 4717 746 4770 258.

1543 4821 1581 4873 2*
