4090 5438
845 281 1166 356 η-23.,,

216 503 318 570 supra
339 483 649 562 demonstrauimus,
671 485 729 550 ubi
743 506 815 568 ¹quo
837 493 978 569 utraque
1000 493 1149 570 tempore
1171 483 1249 550 data
1270 492 1359 552 esset
1382 487 1492 553 conati
1515 507 1629 552 sumus
1651 485 1789 582 inuesti-

215 625 303 688 gare.
347 604 395 670 Ut
416 612 528 671 autem
550 611 668 686 quarta
688 603 807 670 Planci
830 603 974 688 epistula
996 604 1114 670 tertiae
1138 604 1308 670 Ciceronis
1330 605 1518 689 respondet,
1541 607 1589 670 ita

318 729 483 808 quartae
509 723 561 788 1111
587 722 833 790 Ρ111111111
862 723 1050 792 Tulliana
1076 725 1224 808 quinta
1270 723 1424 806 Quarum
1455 725 1514 794 illa
1540 717 1698 810 bipartita
1725 733 1790 794 est:

217 843 322 908 altera
349 843 443 928 epist.
465 850 561 927 parte
583 842 730 910 Plancus
753 865 852 927 quam
880 844 1089 912 uoluntatem
1114 842 1790 928 1110111111111111111111111,

218 963 484 1030 11111111111111
511 941 571 1029 sua
593 965 738 1048 exponit.
781 964 900 1048 Itaque
924 963 1038 1031 Oicero
1065 965 1102 1029 in
1129 985 1169 1029 ea
1196 985 1295 1047 quam
1321 959 1494 1048 rescripsit
1521 965 1665 1049 epistula
1686 965 1791 1050 (51.):

217 1083 283 1160 ,Ex
305 1083 432 1166 quibus'
457 1083 593 1166 (litteris
616 1083 698 1166 tuis)
721 1084 831 1168 inquit
857 1053 940 1170 ,cepi
960 1086 1106 1151 fructum
1128 1083 1293 1168 duplicem
1315 1085 1462 1168 mihique
1488 1085 1523 1149 in
1546 1086 1791 1169 temperatione

218 1202 387 1269 difficilem
409 1203 450 1268 ad
470 1202 691 1282 iudicandum,
720 1225 909 1270 amoremne
932 1225 1011 1288 erga
1031 1225 1085 1270 me
1107 1212 1211 1282 tuum,
1240 1225 1282 1269 an
1305 1205 1454 1284 animum
1474 1205 1510 1270 in
1532 1226 1603 1270 rem
1624 1204 1792 1290 publicam

217 1322 322 1406 pluris
350 1322 592 1388 aestimandum
618 1323 788 1407 putarem'.
831 1325 904 1404 Iam
931 1323 1068 1390 alterius
1094 1324 1200 1408 partis
1228 1323 1315 1408 apud
1336 1324 1501 1390 Plancum
1527 1323 1608 1390 haec
1636 1333 1714 1390 sunt
1742 1325 1792 1408 (in

218 1442 309 1528 §l.):
341 1443 469 1521 ,Habec'
496 1463 631 1510 caussas
658 1443 820 1527 plurimas
847 1444 903 1510 uel
930 1452 1088 1528 paternae
1116 1443 1373 1510 necessitudinis
1400 1445 1456 1509 uel
1482 1455 1575 1510 meae
1603 1466 1623 1510 a
1649 1445 1793 1529 pueritia

219 1561 448 1628 obseruantiae
470 1563 528 1628 uel
548 1563 598 1628 tui
620 1583 700 1647 erga
720 1584 774 1630 mc
796 1564 904 1629 mutui
926 1562 1066 1654 amoris',
1094 1563 1182 1648 apud
1204 1563 1397 1629 Ciceronem
1419 1563 1500 1630 hacc
1527 1566 1622 1648 (item
1643 1565 1679 1632 in
1701 1571 1718 1644 ἐ
1735 1566 1791 1647 1.);

218 1681 344 1766 ,Itaque
372 1682 640 1748 commemoratio
672 1689 731 1749 tua
762 1689 921 1766 paternae
953 1683 1209 1754 necessitudinis
1237 1684 1553 1768 beneuolentiacque
1587 1685 1659 1750 eins
1693 1705 1792 1768 quam

219 1821 298 1884 erga
319 1821 372 1865 me
396 1821 415 1866 a
436 1801 579 1885 pueritia
601 1802 799 1868 contulisses
822 1809 1072 1886 ceterarumque
1095 1823 1207 1868 rerum
1229 1824 1313 1888 quae
1335 1803 1376 1868 ad
1399 1823 1472 1868 eam
1495 1805 1694 1886 sententiam
1712 1779 1791 1888 per-

218 1920 371 1985 tinebant
391 1919 618 1988 incredibilem
640 1921 723 1986 mihi
744 1903 907 1988 laetitiam
929 1921 1130 2034 attulerunt.
1163 1920 1231 1988 Ubi
1245 1922 1334 2004 quod
1351 1923 1387 1987 in
1401 1923 1521 1990 Planci
1535 1923 1646 1990 uerbis
1668 1924 1792 1988 iteran-

219 2039 270 2104 dis
293 2038 537 2106 obseruantiam
559 2041 630 2107 eius
652 2041 733 2106 dicit
748 2041 1025 2121 beneuolentiam,¹
1048 2041 1110 2106 hoc
1132 2061 1199 2106 non
1220 2040 1425 2120 mirabimur,
1447 2063 1524 2108 cum
1547 2041 1792 2119 obseruantiam

184 2131 187 2140 Ι
218 2133 367 2242 profiteri
389 2159 460 2224 eius
483 2160 528 2224 sit
550 2160 607 2243 qui
628 2159 774 2226 declaret
795 2161 1012 2240 uoluntatem,
1034 2160 1169 2228 laudare
1184 2160 1453 2228 beneuolentiam
1470 2163 1541 2228 cius
1562 2162 1599 2226 in
1615 2181 1713 2244 quem
1733 2158 1793 2227 illa

219 2277 372 2344 uoluntas
399 2279 595 2346 conferatur.
638 2280 789 2346 Alterius
817 2288 929 2378 autem
954 2280 1060 2364 partis
1088 2279 1175 2364 apud
1201 2279 1419 2345 1111111111
1446 2281 1527 2347 hacc
1553 2281 1714 2347 habemus
1742 2273 1793 2363 (11

217 2395 303 2480 §ab
331 2397 471 2476 ‚Rursus
494 2397 673 2466 declaratio
696 2400 799 2464 animi
813 2399 872 2479 tui,
896 2421 995 2484 quem
1009 2399 1149 2466 haberes
1171 2399 1212 2464 de
1234 2420 1270 2464 rc
1285 2400 1418 2484 publica
1433 2421 1595 2484 quemque
1618 2393 1791 2466 habiturus

218 2535 318 2594 essee,
340 2517 424 2582 mihi
445 2525 517 2585 erat
537 2519 794 2598 iucundissima’,
817 2519 904 2604 apud
925 2519 965 2584 11.
987 2519 1178 2586 Munatium
1198 2519 1235 2584 in
1258 2519 1319 2598 §3⁶
1340 2518 1435 2586 haec:
1457 2517 1581 2600 ,Quare
1603 2519 1666 2585 hoc
1687 2500 1791 2584 unum

217 2635 279 2700 tibi
293 2637 465 2720 persuade,
487 2645 648 2722 quantum
662 2640 790 2706 uiribus
805 2640 897 2718 eniti,
920 2639 1058 2706 consilio
1074 2638 1257 2723 prouidere,
1281 2639 1478 2704 auctoritate
1493 2660 1628 2704 monere
1643 2647 1792 2722 potuero,

218 2753 282 2820 hoo
303 2777 400 2822 omne
422 2758 472 2824 rei
493 2758 645 2842 publicae
668 2779 799 2844 semper
813 2759 984 2838 futurum’3
1008 2757 1095 2842 quod
1110 2777 1145 2824 se
1160 2759 1326 2824 facturum
1342 2779 1415 2824 esse
1434 2759 1469 2825 in
1484 2765 1634 2826 extrema
1649 2759 1793 2842 epistula

219 2875 754 2961 111111111111111111111111111111
777 2901 858 2944 usus
882 2879 956 2945 aliis
971 2879 1038 2944 his:
1060 2877 1171 2960 ,Quod
1193 2878 1222 2944 si
1244 2878 1384 2962 proinde
1406 2886 1444 2943 ut
1465 2879 1537 2963 ipse
1558 2899 1688 2944 mereor
1708 2878 1793 2943 mihi

218 2997 430 3074 successerit,
455 3005 544 3063 certe
566 3005 600 3063 et
621 2997 696 3076 tibi,
721 2999 775 3064 oui
796 2999 941 3063 maxime
964 2999 1075 3082 cupio,
1099 3005 1133 3063 et
1155 2998 1307 3064 omnibus
1329 2999 1411 3064 uiris
1434 2997 1528 3063 bonis
1553 2998 1634 3064 satis
1655 2998 1792 3064 laciam’.

218 3111 398 3180 Praeterea
420 3136 503 3198 quae
528 3096 642 3182 Oioero
665 3118 701 3183 in
723 3119 784 3198 13.
809 3117 954 3201 scripsit:
981 3117 1112 3194 ,Adhuc
1209 3118 1344 3183 fortuna
1366 3119 1568 3202 suffragante
1591 3118 1714 3183 uideris
1736 3139 1790 3182 res

218 3233 380 3298 maximas
408 3237 621 3315 consecutus’,
655 3237 708 3302 his
734 3237 854 3304 Planci
880 3237 991 3303 uerbis
1024 3237 1227 3322 respondent
1256 3244 1283 3319 (ξ
1304 3237 1364 3324 2.);
1401 3236 1647 3326 ,Quaecumque
1673 3238 1710 3302 in
1725 3239 1790 3303 'me

102 3365 105 3372 ’
218 3349 305 3417 bona
337 3362 416 3418 sunt
448 3363 505 3420 aut
536 3357 690 3424 fortunae
716 3357 877 3424 beneficio
904 3356 1042 3423 ‘tributa'
1077 3354 1124 3422 et'
1137 3380 1166 3441 q.
1189 3380 1214 3423 s.
1263 3358 1349 3424 (lum
1382 3379 1461 3423 uero
1494 3358 1613 3424 harum
1646 3358 1794 3442 quinque

219 3471 437 3554 epistularum
460 3495 498 3540 ea
520 3484 610 3544 esset
630 3478 729 3555 ratio,
748 3485 796 3543 'ut
816 3478 861 3542 M.
886 3477 1044 3542 Tullius
1066 3477 1176 3561 prior
1202 3477 1386 3542 mitteret
1413 3485 1450 3542 et
1475 3477 1641 3560 primam
1668 3484 1706 3542 ct
1733 3477 1791 3542 al·

218 3598 344 3656 teram
370 3600 410 3658 et
436 3595 611 3674 tertiam,
645 3603 727 3662 tum
754 3595 904 3663 demum
931 3596 1179 3663 rescriberet
1204 3597 1379 3663 Plancus
1407 3619 1490 3663 eam
1522 3619 1628 3681 quac¹
1649 3596 1792 3663 decimi
1861 3677 1864 3686 Ι

218 3709 314 3778 libri
336 3719 477 3796 quarta
498 3722 572 3792 est,
600 3717 810 3799 posthanc
832 3717 995 3782 daretur
1018 3718 1189 3801 quinta¹)
1214 3717 1413 3794 Tulliana,
1440 3717 1514 3782 fieri
1535 3718 1653 3801 potuit,
1676 3724 1714 3782 ut
1736 3716 1792 3782 Oi·

220 3849 294 3895 1111
321 3840 474 3914 quartam
500 3835 691 3918 epistulam,
725 3857 825 3919 quam
850 3836 1021 3902 Plancum.
1042 3836 1083 3902 ad
1109 3837 1243 3902 tertiam
1266 3837 1486 3922 rescripsisse
1512 3836 1609 3903 modo
1637 3837 1791 3915 uidimus,

222 3967 298 4014 suae
325 3953 452 4036 primae
480 3955 682 4040 respondere
709 3955 842 4022 diceret.
887 3955 981 4038 Quae
1009 3956 1160 4022 enimin
1189 3976 1238 4041 ep.
1259 3958 1286 4021 5.
1309 3965 1324 4031 §
1344 3955 1373 4021 2.
1399 3927 1570 4040 leguntur:
1604 3957 1730 4041 ,Itaque
1757 3963 1790 4021 11

178 4097 183 4106 ·
219 4087 288 4132 111
309 4069 423 4138 hortor
445 4075 567 4154 solum,
580 4077 637 4140 ‘mi
659 4075 798 4153 Plance,
826 4075 884 4141 sed
906 4075 1004 4160 plane
1028 4078 1127 4141 etiam
1151 4097 1223 4154 oro,
1247 4075 1334 4160 quod
1355 4077 1419 4140 feci
1441 4077 1489 4144 eis
1511 4078 1647 4155 litteris,
1671 4076 1790 4161 quibus

219 4192 256 4250 tu
271 4185 510 4262 humanissime
532 4197 742 4281 respondisti,
765 4204 803 4262 ut
824 4202 895 4261 tota
916 4203 1027 4261 mente
1044 4197 1198 4279 omnique
1214 4197 1317 4261 animi
1337 4195 1466 4282 impetu
1487 4199 1523 4262 in
1539 4196 1791 4282 rempublicam

217 4306 409 4390 incumbas’,
443 4317 693 4383 1111111113.
721 4335 770 4400 cp.
798 4317 859 4394 §3.
887 4323 1037 4400 spectare
1064 4324 1145 4402 puto
1172 4317 1244 4400 (nbi
1271 4323 1334 4384 est:
1371 4317 1541 4395 ,Incumbc
1647 4317 1684 4382 in
1717 4337 1790 4382 cam
1869 4369 1872 4380 .

321 4600 346 4667 1)
364 4603 405 4658 Nc
423 4610 469 4659 aut
487 4607 617 4660 obscurus
634 4607 685 4660 sim
703 4610 748 4660 aut
765 4607 871 4674 multus,
893 4608 1018 4678 epistulis
1035 4625 1089 4662 non
1106 4623 1168 4662 eum
1185 4623 1323 4662 numerum
1341 4609 1481 4678 adponam,
1500 4625 1553 4677 quo
1572 4613 1654 4678 quota
1671 4607 1791 4662 eiusdem

218 4681 255 4736 sit
272 4685 330 4750 (aut
348 4688 485 4746 ciceronis
503 4698 550 4747 aut
567 4693 671 4759 Planci)
690 4692 860 4761 significetur,
880 4695 927 4747 sed
946 4710 993 4749 eos
1011 4709 1143 4760 numeros,
1162 4710 1229 4764 quos
1248 4694 1320 4764 apud
1338 4694 1467 4748 Orellium
1484 4694 1603 4763 aliosque
1620 4695 1756 4748 habemus.
