<?xml version="1.0" encoding="UTF-8"?>
<!DOCTYPE html PUBLIC "-//W3C//DTD XHTML 1.0 Transitional//EN"
    "http://www.w3.org/TR/xhtml1/DTD/xhtml1-transitional.dtd">
<html xmlns="http://www.w3.org/1999/xhtml" xml:lang="en" lang="en">
 <head>
  <title>
</title>
<meta http-equiv="Content-Type" content="text/html;charset=utf-8" />
  <meta name='ocr-system' content='tesseract 3.04.00' />
  <meta name='ocr-capabilities' content='ocr_page ocr_carea ocr_par ocr_line ocrx_word'/>
</head>
<body>
  <div class='ocr_page' id='page_1' title='image "./deplancietcicer00nakegoog_0012.png"; bbox 0 0 4090 5438; ppageno 0'>
   <div class='ocr_carea' id='block_1_1' title="bbox 870 287 1191 360">
    <p class='ocr_par' dir='ltr' id='par_1_1' title="bbox 870 287 1191 360">
     <span class='ocr_line' id='line_1_1' title="bbox 870 287 1191 360; baseline 0 -18"><span class='ocrx_word' id='word_1_1' title='bbox 870 287 1191 360; x_wconf 78' lang='grc'><strong>....5,...</strong></span> 
     </span>
    </p>
   </div>
   <div class='ocr_carea' id='block_1_2' title="bbox 137 473 1825 2129">
    <p class='ocr_par' dir='ltr' id='par_1_2' title="bbox 137 473 1825 2129">
     <span class='ocr_line' id='line_1_2' title="bbox 248 473 1821 574; baseline -0.008 -13"><span class='ocrx_word' id='word_1_2' title='bbox 248 495 357 560; x_wconf 88' lang='lat' dir='ltr'><strong>Roma</strong></span> <span class='ocrx_word' id='word_1_3' title='bbox 379 490 561 556; x_wconf 77' lang='lat' dir='ltr'><strong>excesserit</strong></span> <span class='ocrx_word' id='word_1_4' title='bbox 576 473 690 573; x_wconf 85' lang='lat' dir='ltr'><strong>¹neque</strong></span> <span class='ocrx_word' id='word_1_5' title='bbox 711 491 804 574; x_wconf 90' lang='lat' dir='ltr'><strong>prins</strong></span> <span class='ocrx_word' id='word_1_6' title='bbox 826 491 862 555; x_wconf 91' lang='lat' dir='ltr'><strong>in</strong></span> <span class='ocrx_word' id='word_1_7' title='bbox 884 491 1000 556; x_wconf 88' lang='lat' dir='ltr'><strong>urbem</strong></span> <span class='ocrx_word' id='word_1_8' title='bbox 1022 489 1158 554; x_wconf 86' lang='lat' dir='ltr'><strong>redierit</strong></span> <span class='ocrx_word' id='word_1_9' title='bbox 1180 511 1280 572; x_wconf 90' lang='lat' dir='ltr'><strong>quam</strong></span> <span class='ocrx_word' id='word_1_10' title='bbox 1301 509 1329 553; x_wconf 88' lang='lat' dir='ltr'><strong>a.</strong></span> <span class='ocrx_word' id='word_1_11' title='bbox 1352 487 1381 553; x_wconf 93' lang='lat' dir='ltr'><strong>d.</strong></span> <span class='ocrx_word' id='word_1_12' title='bbox 1397 486 1438 552; x_wconf 84' lang='lat' dir='ltr'><strong>V.</strong></span> <span class='ocrx_word' id='word_1_13' title='bbox 1460 483 1508 552; x_wconf 91' lang='lat' dir='ltr'><strong>Id.</strong></span> <span class='ocrx_word' id='word_1_14' title='bbox 1530 483 1624 563; x_wconf 86' lang='lat' dir='ltr'><strong>Dea,</strong></span> <span class='ocrx_word' id='word_1_15' title='bbox 1654 506 1730 550; x_wconf 89' lang='lat' dir='ltr'><strong>cum</strong></span> <span class='ocrx_word' id='word_1_16' title='bbox 1752 486 1821 552; x_wconf 88' lang='lat' dir='ltr'><strong>An-</strong></span> 
     </span>
     <span class='ocr_line' id='line_1_3' title="bbox 250 601 1823 692; baseline -0.006 -14"><span class='ocrx_word' id='word_1_17' title='bbox 250 612 360 678; x_wconf 86' lang='lat' dir='ltr'><strong>tonius</strong></span> <span class='ocrx_word' id='word_1_18' title='bbox 383 631 458 676; x_wconf 88' lang='lat' dir='ltr'><strong>cum</strong></span> <span class='ocrx_word' id='word_1_19' title='bbox 480 609 628 674; x_wconf 78' lang='lat' dir='ltr'><strong>exercitu</strong></span> <span class='ocrx_word' id='word_1_20' title='bbox 652 609 812 676; x_wconf 87' lang='lat' dir='ltr'><strong>aduersus</strong></span> <span class='ocrx_word' id='word_1_21' title='bbox 834 611 876 676; x_wconf 93' lang='lat' dir='ltr'><strong>D.</strong></span> <span class='ocrx_word' id='word_1_22' title='bbox 898 611 1043 675; x_wconf 80' lang='lat' dir='ltr'><strong>Brutum</strong></span> <span class='ocrx_word' id='word_1_23' title='bbox 1069 611 1105 674; x_wconf 90' lang='lat' dir='ltr'><strong>in</strong></span> <span class='ocrx_word' id='word_1_24' title='bbox 1129 609 1275 676; x_wconf 81' lang='lat' dir='ltr'>Galliam</span> <span class='ocrx_word' id='word_1_25' title='bbox 1302 615 1391 674; x_wconf 89' lang='lat' dir='ltr'><strong>esset</strong></span> <span class='ocrx_word' id='word_1_26' title='bbox 1416 606 1598 692; x_wconf 86' lang='lat' dir='ltr'><strong>proiectus,</strong></span> <span class='ocrx_word' id='word_1_27' title='bbox 1625 601 1666 669; x_wconf 87' lang='lat' dir='ltr'><strong>de</strong></span> <span class='ocrx_word' id='word_1_28' title='bbox 1688 605 1823 671; x_wconf 79' lang='lat' dir='ltr'><strong>Gruber</strong></span> 
     </span>
     <span class='ocr_line' id='line_1_4' title="bbox 137 705 1822 812; baseline -0.002 -15"><span class='ocrx_word' id='word_1_29' title='bbox 137 705 139 712; x_wconf 32' lang='lat'><strong><em>¹</em></strong></span> <span class='ocrx_word' id='word_1_30' title='bbox 250 731 386 797; x_wconf 89' lang='lat' dir='ltr'><strong>alteram</strong></span> <span class='ocrx_word' id='word_1_31' title='bbox 399 729 569 796; x_wconf 77' lang='lat' dir='ltr'><strong>Ciceronis</strong></span> <span class='ocrx_word' id='word_1_32' title='bbox 587 730 766 812; x_wconf 74' lang='lat' dir='ltr'><strong>epistulam</strong></span> <span class='ocrx_word' id='word_1_33' title='bbox 780 729 848 796; x_wconf 86' lang='lat' dir='ltr'><strong>illis</strong></span> <span class='ocrx_word' id='word_1_34' title='bbox 862 729 988 796; x_wconf 84' lang='lat' dir='ltr'><strong>mensis</strong></span> <span class='ocrx_word' id='word_1_35' title='bbox 1003 728 1083 794; x_wconf 77' lang='lat' dir='ltr'><strong>Dec.</strong></span> <span class='ocrx_word' id='word_1_36' title='bbox 1095 728 1210 794; x_wconf 88' lang='lat' dir='ltr'><strong>diebus</strong></span> <span class='ocrx_word' id='word_1_37' title='bbox 1223 733 1280 809; x_wconf 82' lang='lat' dir='ltr'><strong>(ex</strong></span> <span class='ocrx_word' id='word_1_38' title='bbox 1294 749 1321 794; x_wconf 88' lang='lat' dir='ltr'><strong>a.</strong></span> <span class='ocrx_word' id='word_1_39' title='bbox 1337 727 1367 792; x_wconf 95' lang='lat' dir='ltr'><strong>d.</strong></span> <span class='ocrx_word' id='word_1_40' title='bbox 1375 729 1415 792; x_wconf 90' lang='lat' dir='ltr'><strong>V.</strong></span> <span class='ocrx_word' id='word_1_41' title='bbox 1429 725 1477 791; x_wconf 93' lang='lat' dir='ltr'><strong>Id.</strong></span> <span class='ocrx_word' id='word_1_42' title='bbox 1488 726 1568 792; x_wconf 83' lang='lat' dir='ltr'><strong>Dec.</strong></span> <span class='ocrx_word' id='word_1_43' title='bbox 1580 724 1621 790; x_wconf 88' lang='lat' dir='ltr'><strong>ad</strong></span> <span class='ocrx_word' id='word_1_44' title='bbox 1636 747 1664 790; x_wconf 84' lang='lat' dir='ltr'><strong>a</strong></span> <span class='ocrx_word' id='word_1_45' title='bbox 1679 725 1709 790; x_wconf 92' lang='lat' dir='ltr'><strong>d.</strong></span> <span class='ocrx_word' id='word_1_46' title='bbox 1724 724 1822 794; x_wconf 87' lang='lat' dir='ltr'><strong>XHI.</strong></span> 
     </span>
     <span class='ocr_line' id='line_1_5' title="bbox 248 822 1822 933; baseline -0.004 -17"><span class='ocrx_word' id='word_1_47' title='bbox 248 850 323 916; x_wconf 86' lang='lat' dir='ltr'><strong>Kal.</strong></span> <span class='ocrx_word' id='word_1_48' title='bbox 338 851 423 933; x_wconf 87' lang='lat' dir='ltr'><strong>Ian.)</strong></span> <span class='ocrx_word' id='word_1_49' title='bbox 439 822 551 914; x_wconf 71' lang='lat' dir='ltr'><strong>damin</strong></span> <span class='ocrx_word' id='word_1_50' title='bbox 573 870 647 914; x_wconf 91' lang='lat' dir='ltr'><strong>esse</strong></span> <span class='ocrx_word' id='word_1_51' title='bbox 670 848 795 916; x_wconf 76' lang='lat' dir='ltr'><strong>statuit.</strong></span> <span class='ocrx_word' id='word_1_52' title='bbox 828 849 876 914; x_wconf 83' lang='lat' dir='ltr'><strong>At</strong></span> <span class='ocrx_word' id='word_1_53' title='bbox 898 850 955 932; x_wconf 90' lang='lat' dir='ltr'><strong>qui</strong></span> <span class='ocrx_word' id='word_1_54' title='bbox 975 848 1109 913; x_wconf 76' lang='lat' dir='ltr'><strong>mudum</strong></span> <span class='ocrx_word' id='word_1_55' title='bbox 1130 867 1207 912; x_wconf 89' lang='lat' dir='ltr'><strong>cum</strong></span> <span class='ocrx_word' id='word_1_56' title='bbox 1226 866 1341 912; x_wconf 88' lang='lat' dir='ltr'><strong>meuse</strong></span> <span class='ocrx_word' id='word_1_57' title='bbox 1355 845 1535 912; x_wconf 88' lang='lat' dir='ltr'><strong>Decembri</strong></span> <span class='ocrx_word' id='word_1_58' title='bbox 1549 846 1656 930; x_wconf 87' lang='lat' dir='ltr'><strong>prima</strong></span> <span class='ocrx_word' id='word_1_59' title='bbox 1670 843 1717 909; x_wconf 82' lang='lat' dir='ltr'><strong>M.</strong></span> <span class='ocrx_word' id='word_1_60' title='bbox 1733 843 1822 910; x_wconf 71' lang='lat' dir='ltr'><strong>nulli</strong></span> 
     </span>
     <span class='ocr_line' id='line_1_6' title="bbox 247 964 1822 1051; baseline -0.003 -17"><span class='ocrx_word' id='word_1_61' title='bbox 247 969 350 1034; x_wconf 88' lang='lat' dir='ltr'><strong>uerba</strong></span> <span class='ocrx_word' id='word_1_62' title='bbox 372 969 578 1035; x_wconf 91' lang='lat' dir='ltr'><strong>conueniunt</strong></span> <span class='ocrx_word' id='word_1_63' title='bbox 597 968 691 1034; x_wconf 86' lang='lat' dir='ltr'><strong>haec:</strong></span> <span class='ocrx_word' id='word_1_64' title='bbox 724 969 850 1046; x_wconf 87' lang='lat' dir='ltr'><strong>,Meum</strong></span> <span class='ocrx_word' id='word_1_65' title='bbox 872 968 1020 1034; x_wconf 90' lang='lat' dir='ltr'><strong>studium</strong></span> <span class='ocrx_word' id='word_1_66' title='bbox 1040 968 1160 1033; x_wconf 88' lang='lat' dir='ltr'><strong>honori</strong></span> <span class='ocrx_word' id='word_1_67' title='bbox 1180 975 1238 1044; x_wconf 81' lang='lat' dir='ltr'><strong>tuo</strong></span> <span class='ocrx_word' id='word_1_68' title='bbox 1260 987 1320 1051; x_wconf 88' lang='lat' dir='ltr'><strong>pro</strong></span> <span class='ocrx_word' id='word_1_69' title='bbox 1347 964 1593 1032; x_wconf 75' lang='lat' dir='ltr'><strong>necessitudine</strong></span> <span class='ocrx_word' id='word_1_70' title='bbox 1618 971 1734 1041; x_wconf 85' lang='lat' dir='ltr'><strong>nostra</strong></span> <span class='ocrx_word' id='word_1_71' title='bbox 1754 985 1822 1030; x_wconf 87' lang='lat' dir='ltr'><strong>non</strong></span> 
     </span>
     <span class='ocr_line' id='line_1_7' title="bbox 248 1083 1822 1172; baseline -0.004 -18"><span class='ocrx_word' id='word_1_72' title='bbox 248 1089 420 1164; x_wconf 73' lang='lat' dir='ltr'><strong>defuisset,</strong></span> <span class='ocrx_word' id='word_1_73' title='bbox 443 1089 473 1152; x_wconf 85' lang='lat' dir='ltr'><strong>si</strong></span> <span class='ocrx_word' id='word_1_74' title='bbox 494 1095 552 1153; x_wconf 89' lang='lat' dir='ltr'><strong>aut</strong></span> <span class='ocrx_word' id='word_1_75' title='bbox 572 1094 646 1154; x_wconf 89' lang='lat' dir='ltr'><strong>tuto</strong></span> <span class='ocrx_word' id='word_1_76' title='bbox 668 1088 705 1152; x_wconf 90' lang='lat' dir='ltr'><strong>in</strong></span> <span class='ocrx_word' id='word_1_77' title='bbox 728 1091 880 1154; x_wconf 81' lang='lat' dir='ltr'><strong>senatum</strong></span> <span class='ocrx_word' id='word_1_78' title='bbox 902 1095 960 1153; x_wconf 90' lang='lat' dir='ltr'><strong>aut</strong></span> <span class='ocrx_word' id='word_1_79' title='bbox 980 1087 1119 1170; x_wconf 84' lang='lat' dir='ltr'><strong>honeste</strong></span> <span class='ocrx_word' id='word_1_80' title='bbox 1141 1086 1257 1152; x_wconf 87' lang='lat' dir='ltr'><strong>uenire</strong></span> <span class='ocrx_word' id='word_1_81' title='bbox 1278 1085 1493 1172; x_wconf 72' lang='lat' dir='ltr'><strong>potuissene?</strong></span> <span class='ocrx_word' id='word_1_82' title='bbox 1530 1085 1649 1150; x_wconf 88' lang='lat' dir='ltr'><strong>Nonne</strong></span> <span class='ocrx_word' id='word_1_83' title='bbox 1672 1083 1822 1150; x_wconf 87' lang='lat' dir='ltr'><strong>habitum</strong></span> 
     </span>
     <span class='ocr_line' id='line_1_8' title="bbox 250 1203 1821 1284; baseline -0.004 -10"><span class='ocrx_word' id='word_1_84' title='bbox 250 1231 324 1275; x_wconf 87' lang='lat' dir='ltr'><strong>csse</strong></span> <span class='ocrx_word' id='word_1_85' title='bbox 347 1207 527 1273; x_wconf 86' lang='lat' dir='ltr'><strong>ostendunt</strong></span> <span class='ocrx_word' id='word_1_86' title='bbox 548 1215 711 1284; x_wconf 87' lang='lat' dir='ltr'><strong>senatum,</strong></span> <span class='ocrx_word' id='word_1_87' title='bbox 735 1205 934 1272; x_wconf 50' lang='lat' dir='ltr'><strong>Ciceronem*</strong></span> <span class='ocrx_word' id='word_1_88' title='bbox 951 1207 1066 1272; x_wconf 88' lang='lat' dir='ltr'><strong>uenire</strong></span> <span class='ocrx_word' id='word_1_89' title='bbox 1087 1227 1156 1272; x_wconf 90' lang='lat' dir='ltr'><strong>non</strong></span> <span class='ocrx_word' id='word_1_90' title='bbox 1177 1226 1251 1272; x_wconf 89' lang='lat' dir='ltr'><strong>csse</strong></span> <span class='ocrx_word' id='word_1_91' title='bbox 1273 1219 1405 1283; x_wconf 81' lang='lat' dir='ltr'><strong>ausum,</strong></span> <span class='ocrx_word' id='word_1_92' title='bbox 1429 1227 1505 1270; x_wconf 91' lang='lat' dir='ltr'><strong>cum</strong></span> <span class='ocrx_word' id='word_1_93' title='bbox 1531 1204 1665 1268; x_wconf 88' lang='lat' dir='ltr'><strong>timeret</strong></span> <span class='ocrx_word' id='word_1_94' title='bbox 1686 1225 1728 1270; x_wconf 89' lang='lat' dir='ltr'><strong>ne</strong></span> <span class='ocrx_word' id='word_1_95' title='bbox 1750 1203 1821 1268; x_wconf 83' lang='lat' dir='ltr'><strong>An-</strong></span> 
     </span>
     <span class='ocr_line' id='line_1_9' title="bbox 249 1321 1822 1410; baseline -0.004 -16"><span class='ocrx_word' id='word_1_96' title='bbox 249 1328 323 1394; x_wconf 82' lang='lat' dir='ltr'><strong>toni</strong></span> <span class='ocrx_word' id='word_1_97' title='bbox 348 1328 466 1394; x_wconf 86' lang='lat' dir='ltr'><strong>armati</strong></span> <span class='ocrx_word' id='word_1_98' title='bbox 492 1327 582 1392; x_wconf 85' lang='lat' dir='ltr'><strong>uitas</strong></span> <span class='ocrx_word' id='word_1_99' title='bbox 615 1331 695 1392; x_wconf 84' lang='lat' dir='ltr'><strong>suae</strong></span> <span class='ocrx_word' id='word_1_100' title='bbox 727 1327 912 1410; x_wconf 90' lang='lat' dir='ltr'><strong>periculum</strong></span> <span class='ocrx_word' id='word_1_101' title='bbox 944 1327 1134 1391; x_wconf 82' lang='lat' dir='ltr'><strong>adferrent?</strong></span> <span class='ocrx_word' id='word_1_102' title='bbox 1182 1325 1280 1407; x_wconf 75' lang='lat' dir='ltr'><strong>Quod</strong></span> <span class='ocrx_word' id='word_1_103' title='bbox 1317 1332 1474 1391; x_wconf 88' lang='lat' dir='ltr'><strong>neutrum</strong></span> <span class='ocrx_word' id='word_1_104' title='bbox 1503 1324 1628 1389; x_wconf 78' lang='lat' dir='ltr'><strong>iactum</strong></span> <span class='ocrx_word' id='word_1_105' title='bbox 1666 1330 1718 1389; x_wconf 91' lang='lat' dir='ltr'><strong>est</strong></span> <span class='ocrx_word' id='word_1_106' title='bbox 1753 1321 1822 1388; x_wconf 89' lang='lat' dir='ltr'><strong>illis</strong></span> 
     </span>
     <span class='ocr_line' id='line_1_10' title="bbox 249 1443 1822 1530; baseline -0.003 -17"><span class='ocrx_word' id='word_1_107' title='bbox 249 1448 362 1514; x_wconf 88' lang='lat' dir='ltr'><strong>diebus</strong></span> <span class='ocrx_word' id='word_1_108' title='bbox 384 1447 470 1530; x_wconf 86' lang='lat' dir='ltr'><strong>(dies</strong></span> <span class='ocrx_word' id='word_1_109' title='bbox 485 1447 558 1513; x_wconf 92' lang='lat' dir='ltr'><strong>dico</strong></span> <span class='ocrx_word' id='word_1_110' title='bbox 582 1467 625 1512; x_wconf 84' lang='lat' dir='ltr'><strong>ex</strong></span> <span class='ocrx_word' id='word_1_111' title='bbox 644 1468 671 1510; x_wconf 87' lang='lat' dir='ltr'><strong>a</strong></span> <span class='ocrx_word' id='word_1_112' title='bbox 688 1446 717 1510; x_wconf 93' lang='lat' dir='ltr'><strong>d.</strong></span> <span class='ocrx_word' id='word_1_113' title='bbox 730 1447 772 1511; x_wconf 99' lang='lat' dir='ltr'><strong>V.</strong></span> <span class='ocrx_word' id='word_1_114' title='bbox 786 1446 834 1511; x_wconf 91' lang='lat' dir='ltr'><strong>Id.</strong></span> <span class='ocrx_word' id='word_1_115' title='bbox 851 1447 931 1511; x_wconf 89' lang='lat' dir='ltr'><strong>Dec.</strong></span> <span class='ocrx_word' id='word_1_116' title='bbox 947 1446 988 1512; x_wconf 85' lang='lat' dir='ltr'><strong>ad</strong></span> <span class='ocrx_word' id='word_1_117' title='bbox 1003 1445 1100 1511; x_wconf 85' lang='lat' dir='ltr'><strong>XIII.</strong></span> <span class='ocrx_word' id='word_1_118' title='bbox 1115 1445 1192 1510; x_wconf 88' lang='lat' dir='ltr'><strong>Kal.</strong></span> <span class='ocrx_word' id='word_1_119' title='bbox 1206 1446 1300 1529; x_wconf 84' lang='lat' dir='ltr'><strong>Ian).</strong></span> <span class='ocrx_word' id='word_1_120' title='bbox 1350 1443 1393 1509; x_wconf 92' lang='lat' dir='ltr'><strong>In</strong></span> <span class='ocrx_word' id='word_1_121' title='bbox 1415 1444 1529 1528; x_wconf 87' lang='lat' dir='ltr'><strong>quinta</strong></span> <span class='ocrx_word' id='word_1_122' title='bbox 1556 1444 1647 1510; x_wconf 83' lang='lat' dir='ltr'><strong>enim</strong></span> <span class='ocrx_word' id='word_1_123' title='bbox 1673 1443 1822 1508; x_wconf 89' lang='lat' dir='ltr'><strong>oratione</strong></span> 
     </span>
     <span class='ocr_line' id='line_1_11' title="bbox 249 1562 1825 1650; baseline -0.003 -17"><span class='ocrx_word' id='word_1_124' title='bbox 249 1567 335 1633; x_wconf 90' lang='lat' dir='ltr'><strong>Phil.</strong></span> <span class='ocrx_word' id='word_1_125' title='bbox 357 1568 464 1647; x_wconf 89' lang='grc'><strong>(0.11.</strong></span> <span class='ocrx_word' id='word_1_126' title='bbox 487 1565 584 1650; x_wconf 65' lang='grc'><strong>130.)</strong></span> <span class='ocrx_word' id='word_1_127' title='bbox 608 1565 725 1632; x_wconf 88' lang='lat' dir='ltr'><strong>Cicero</strong></span> <span class='ocrx_word' id='word_1_128' title='bbox 746 1574 898 1631; x_wconf 89' lang='lat' dir='ltr'><strong>senatum</strong></span> <span class='ocrx_word' id='word_1_129' title='bbox 914 1567 1048 1632; x_wconf 89' lang='lat' dir='ltr'><strong>omnino</strong></span> <span class='ocrx_word' id='word_1_130' title='bbox 1070 1587 1137 1630; x_wconf 91' lang='lat' dir='ltr'><strong>non</strong></span> <span class='ocrx_word' id='word_1_131' title='bbox 1159 1571 1377 1630; x_wconf 89' lang='lat' dir='ltr'><strong>conuocatum</strong></span> <span class='ocrx_word' id='word_1_132' title='bbox 1399 1584 1473 1630; x_wconf 89' lang='lat' dir='ltr'><strong>esse</strong></span> <span class='ocrx_word' id='word_1_133' title='bbox 1494 1562 1597 1628; x_wconf 81' lang='lat' dir='ltr'><strong>tradit</strong></span> <span class='ocrx_word' id='word_1_134' title='bbox 1618 1583 1660 1629; x_wconf 83' lang='lat' dir='ltr'><strong>ex</strong></span> <span class='ocrx_word' id='word_1_135' title='bbox 1683 1583 1747 1647; x_wconf 90' lang='lat' dir='ltr'><strong>quo</strong></span> <span class='ocrx_word' id='word_1_136' title='bbox 1770 1562 1825 1628; x_wconf 90' lang='lat' dir='ltr'><strong>die</strong></span> 
     </span>
     <span class='ocr_line' id='line_1_12' title="bbox 247 1681 1823 1778; baseline -0.003 -25"><span class='ocrx_word' id='word_1_137' title='bbox 247 1688 416 1753; x_wconf 86' lang='lat' dir='ltr'><strong>Antonius</strong></span> <span class='ocrx_word' id='word_1_138' title='bbox 438 1687 549 1752; x_wconf 85' lang='lat' dir='ltr'><strong>Roma</strong></span> <span class='ocrx_word' id='word_1_139' title='bbox 570 1685 778 1752; x_wconf 70' lang='lat' dir='ltr'><strong>excmsisset.</strong></span> <span class='ocrx_word' id='word_1_140' title='bbox 817 1685 866 1752; x_wconf 88' lang='lat' dir='ltr'><strong>Ut</strong></span> <span class='ocrx_word' id='word_1_141' title='bbox 887 1693 999 1750; x_wconf 87' lang='lat' dir='ltr'><strong>tamen</strong></span> <span class='ocrx_word' id='word_1_142' title='bbox 1022 1693 1158 1751; x_wconf 90' lang='lat' dir='ltr'><strong>senatus</strong></span> <span class='ocrx_word' id='word_1_143' title='bbox 1180 1685 1313 1749; x_wconf 88' lang='lat' dir='ltr'><strong>habitus</strong></span> <span class='ocrx_word' id='word_1_144' title='bbox 1336 1690 1433 1778; x_wconf 83' lang='lat' dir='ltr'><strong>esset,</strong></span> <span class='ocrx_word' id='word_1_145' title='bbox 1457 1683 1536 1766; x_wconf 90' lang='lat' dir='ltr'><strong>qnid</strong></span> <span class='ocrx_word' id='word_1_146' title='bbox 1556 1683 1691 1749; x_wconf 88' lang='lat' dir='ltr'><strong>tandem</strong></span> <span class='ocrx_word' id='word_1_147' title='bbox 1707 1681 1823 1748; x_wconf 86' lang='lat' dir='ltr'><strong>Cicero</strong></span> 
     </span>
     <span class='ocr_line' id='line_1_13' title="bbox 246 1801 1823 1892; baseline -0.004 -20"><span class='ocrx_word' id='word_1_148' title='bbox 246 1808 284 1872; x_wconf 92' lang='lat' dir='ltr'><strong>in</strong></span> <span class='ocrx_word' id='word_1_149' title='bbox 306 1813 426 1872; x_wconf 90' lang='lat' dir='ltr'><strong>senatu</strong></span> <span class='ocrx_word' id='word_1_150' title='bbox 448 1803 635 1892; x_wconf 69' lang='lat' dir='ltr'><strong>Antonium</strong></span> <span class='ocrx_word' id='word_1_151' title='bbox 655 1805 825 1870; x_wconf 84' lang='lat' dir='ltr'><strong>timuisset</strong></span> <span class='ocrx_word' id='word_1_152' title='bbox 847 1804 1018 1871; x_wconf 79' lang='lat' dir='ltr'><strong>absentem</strong></span> <span class='ocrx_word' id='word_1_153' title='bbox 1041 1814 1214 1888; x_wconf 87' lang='lat' dir='ltr'><strong>castraque</strong></span> <span class='ocrx_word' id='word_1_154' title='bbox 1236 1803 1415 1869; x_wconf 84' lang='lat' dir='ltr'><strong>habentem</strong></span> <span class='ocrx_word' id='word_1_155' title='bbox 1436 1804 1472 1868; x_wconf 92' lang='lat' dir='ltr'><strong>in</strong></span> <span class='ocrx_word' id='word_1_156' title='bbox 1488 1801 1621 1868; x_wconf 77' lang='lat' dir='ltr'><strong>Callia?</strong></span> <span class='ocrx_word' id='word_1_157' title='bbox 1654 1801 1823 1883; x_wconf 75' lang='lat' dir='ltr'><strong>Quidnam</strong></span> 
     </span>
     <span class='ocr_line' id='line_1_14' title="bbox 248 1921 1823 2012; baseline -0.003 -22"><span class='ocrx_word' id='word_1_158' title='bbox 248 1925 389 2012; x_wconf 88' lang='lat' dir='ltr'><strong>periculi</strong></span> <span class='ocrx_word' id='word_1_159' title='bbox 409 1925 446 1988; x_wconf 91' lang='lat' dir='ltr'><strong>in</strong></span> <span class='ocrx_word' id='word_1_160' title='bbox 468 1924 602 2008; x_wconf 87' lang='lat' dir='ltr'><strong>templis</strong></span> <span class='ocrx_word' id='word_1_161' title='bbox 625 1923 762 1990; x_wconf 87' lang='lat' dir='ltr'><strong>dearum</strong></span> <span class='ocrx_word' id='word_1_162' title='bbox 783 1924 824 1990; x_wconf 89' lang='lat' dir='ltr'><strong>ab</strong></span> <span class='ocrx_word' id='word_1_163' title='bbox 847 1925 984 1989; x_wconf 88' lang='lat' dir='ltr'><strong>armetis</strong></span> <span class='ocrx_word' id='word_1_164' title='bbox 1003 1925 1133 2000; x_wconf 80' lang='lat' dir='ltr'><strong>fuisset,</strong></span> <span class='ocrx_word' id='word_1_165' title='bbox 1155 1924 1192 1988; x_wconf 92' lang='lat' dir='ltr'><strong>in</strong></span> <span class='ocrx_word' id='word_1_166' title='bbox 1213 1923 1355 2007; x_wconf 89' lang='lat' dir='ltr'><strong>publico,</strong></span> <span class='ocrx_word' id='word_1_167' title='bbox 1378 1924 1414 1988; x_wconf 92' lang='lat' dir='ltr'><strong>in</strong></span> <span class='ocrx_word' id='word_1_168' title='bbox 1428 1922 1580 2004; x_wconf 78' lang='lat' dir='ltr'><strong>domibus</strong></span> <span class='ocrx_word' id='word_1_169' title='bbox 1602 1943 1669 1988; x_wconf 92' lang='lat' dir='ltr'><strong>non</strong></span> <span class='ocrx_word' id='word_1_170' title='bbox 1683 1921 1823 1987; x_wconf 82' lang='lat' dir='ltr'><strong>fuisset?</strong></span> 
     </span>
     <span class='ocr_line' id='line_1_15' title="bbox 248 2041 1824 2129; baseline -0.003 -19"><span class='ocrx_word' id='word_1_171' title='bbox 248 2047 357 2110; x_wconf 84' lang='lat' dir='ltr'><strong>Imrno</strong></span> <span class='ocrx_word' id='word_1_172' title='bbox 385 2043 501 2110; x_wconf 88' lang='lat' dir='ltr'><strong>Cicero</strong></span> <span class='ocrx_word' id='word_1_173' title='bbox 532 2043 604 2129; x_wconf 85' lang='lat' dir='ltr'><strong>ipse</strong></span> <span class='ocrx_word' id='word_1_174' title='bbox 636 2045 673 2108; x_wconf 91' lang='lat' dir='ltr'><strong>in</strong></span> <span class='ocrx_word' id='word_1_175' title='bbox 706 2043 850 2128; x_wconf 87' lang='lat' dir='ltr'><strong>epistula</strong></span> <span class='ocrx_word' id='word_1_176' title='bbox 877 2043 1018 2128; x_wconf 89' lang='lat' dir='ltr'><strong>quadam</strong></span> <span class='ocrx_word' id='word_1_177' title='bbox 1049 2043 1090 2108; x_wconf 92' lang='lat' dir='ltr'><strong>ad</strong></span> <span class='ocrx_word' id='word_1_178' title='bbox 1117 2044 1159 2108; x_wconf 91' lang='lat' dir='ltr'><strong>D.</strong></span> <span class='ocrx_word' id='word_1_179' title='bbox 1181 2045 1326 2109; x_wconf 76' lang='lat' dir='ltr'><strong>Brutum</strong></span> <span class='ocrx_word' id='word_1_180' title='bbox 1356 2043 1461 2108; x_wconf 89' lang='lat' dir='ltr'><strong>missa</strong></span> <span class='ocrx_word' id='word_1_181' title='bbox 1488 2041 1563 2124; x_wconf 86' lang='lat' dir='ltr'><strong>(XL</strong></span> <span class='ocrx_word' id='word_1_182' title='bbox 1585 2041 1694 2125; x_wconf 83' lang='grc'><strong>6.2.);</strong></span> <span class='ocrx_word' id='word_1_183' title='bbox 1726 2041 1824 2120; x_wconf 90' lang='lat' dir='ltr'><strong>,Cum</strong></span> 
     </span>
    </p>
   </div>
   <div class='ocr_carea' id='block_1_3' title="bbox 136 2163 1823 2246">
    <p class='ocr_par' dir='ltr' id='par_1_3' title="bbox 136 2163 1823 2246">
     <span class='ocr_line' id='line_1_16' title="bbox 136 2163 1823 2246; baseline -0.002 -16"><span class='ocrx_word' id='word_1_184' title='bbox 136 2205 144 2219; x_wconf 74' lang='lat'>=</span> <span class='ocrx_word' id='word_1_185' title='bbox 250 2165 375 2230; x_wconf 88' lang='lat' dir='ltr'><strong>tribuni</strong></span> <span class='ocrx_word' id='word_1_186' title='bbox 396 2163 448 2246; x_wconf 91' lang='lat' dir='ltr'><strong>pl.&#39;</strong></span> <span class='ocrx_word' id='word_1_187' title='bbox 471 2163 581 2246; x_wconf 89' lang='lat' dir='ltr'><strong>inquit</strong></span> <span class='ocrx_word' id='word_1_188' title='bbox 603 2163 797 2239; x_wconf 87' lang='lat' dir='ltr'><strong>,edixissent</strong></span> <span class='ocrx_word' id='word_1_189' title='bbox 819 2171 954 2229; x_wconf 88' lang='lat' dir='ltr'><strong>senatus</strong></span> <span class='ocrx_word' id='word_1_190' title='bbox 977 2163 1108 2229; x_wconf 87' lang='lat' dir='ltr'><strong>adesset</strong></span> <span class='ocrx_word' id='word_1_191' title='bbox 1133 2185 1160 2228; x_wconf 89' lang='lat' dir='ltr'><strong>a.</strong></span> <span class='ocrx_word' id='word_1_192' title='bbox 1183 2163 1213 2228; x_wconf 93' lang='lat' dir='ltr'><strong>d.</strong></span> <span class='ocrx_word' id='word_1_193' title='bbox 1235 2163 1332 2228; x_wconf 89' lang='lat' dir='ltr'><strong>XHI.</strong></span> <span class='ocrx_word' id='word_1_194' title='bbox 1355 2163 1431 2228; x_wconf 89' lang='lat' dir='ltr'><strong>Kal.</strong></span> <span class='ocrx_word' id='word_1_195' title='bbox 1452 2163 1523 2228; x_wconf 92' lang='lat' dir='ltr'><strong>Ian.</strong></span> <span class='ocrx_word' id='word_1_196' title='bbox 1625 2183 1823 2246; x_wconf 89' lang='lat' dir='ltr'><strong>quamquam</strong></span> 
     </span>
    </p>
   </div>
   <div class='ocr_carea' id='block_1_4' title="bbox 247 2282 1927 3210">
    <p class='ocr_par' dir='ltr' id='par_1_4' title="bbox 247 2282 1927 3210">
     <span class='ocr_line' id='line_1_17' title="bbox 250 2282 1824 2350; baseline -0.003 0"><span class='ocrx_word' id='word_1_197' title='bbox 250 2289 432 2350; x_wconf 83' lang='lat' dir='ltr'><strong>statueram</strong></span> <span class='ocrx_word' id='word_1_198' title='bbox 458 2283 496 2348; x_wconf 91' lang='lat' dir='ltr'><strong>in</strong></span> <span class='ocrx_word' id='word_1_199' title='bbox 523 2289 676 2348; x_wconf 89' lang='lat' dir='ltr'><strong>senatum</strong></span> <span class='ocrx_word' id='word_1_200' title='bbox 704 2291 781 2348; x_wconf 89' lang='lat' dir='ltr'><strong>ente</strong></span> <span class='ocrx_word' id='word_1_201' title='bbox 803 2283 880 2350; x_wconf 86' lang='lat' dir='ltr'><strong>Kal.</strong></span> <span class='ocrx_word' id='word_1_202' title='bbox 902 2284 972 2349; x_wconf 85' lang='lat' dir='ltr'><strong>Ian.</strong></span> <span class='ocrx_word' id='word_1_203' title='bbox 995 2305 1063 2350; x_wconf 90' lang='lat' dir='ltr'><strong>non</strong></span> <span class='ocrx_word' id='word_1_204' title='bbox 1084 2284 1277 2349; x_wconf 90' lang='lat' dir='ltr'><strong>uenire</strong></span> <span class='ocrx_word' id='word_1_205' title='bbox 1299 2285 1336 2348; x_wconf 93' lang='lat' dir='ltr'><strong>in</strong></span> <span class='ocrx_word' id='word_1_206' title='bbox 1363 2290 1516 2348; x_wconf 72' lang='lat' dir='ltr'><strong>senatum</strong></span> <span class='ocrx_word' id='word_1_207' title='bbox 1538 2283 1633 2350; x_wconf 88' lang='lat' dir='ltr'><strong>veni’.</strong></span> <span class='ocrx_word' id='word_1_208' title='bbox 1675 2282 1824 2348; x_wconf 85' lang='lat' dir='ltr'><strong>Haecine</strong></span> 
     </span>
     <span class='ocr_line' id='line_1_18' title="bbox 249 2401 1825 2488; baseline -0.002 -19"><span class='ocrx_word' id='word_1_209' title='bbox 249 2404 321 2470; x_wconf 89' lang='lat' dir='ltr'><strong>eius</strong></span> <span class='ocrx_word' id='word_1_210' title='bbox 348 2411 440 2481; x_wconf 89' lang='lat' dir='ltr'><strong>sunt,</strong></span> <span class='ocrx_word' id='word_1_211' title='bbox 467 2403 523 2468; x_wconf 90' lang='lat' dir='ltr'><strong>cui</strong></span> <span class='ocrx_word' id='word_1_212' title='bbox 549 2403 603 2468; x_wconf 90' lang='lat' dir='ltr'><strong>uis</strong></span> <span class='ocrx_word' id='word_1_213' title='bbox 630 2403 670 2468; x_wconf 88' lang='lat' dir='ltr'><strong>ab</strong></span> <span class='ocrx_word' id='word_1_214' title='bbox 694 2404 831 2468; x_wconf 84' lang='lat' dir='ltr'><strong>armatis</strong></span> <span class='ocrx_word' id='word_1_215' title='bbox 853 2401 964 2469; x_wconf 91' lang='lat' dir='ltr'><strong>adlata</strong></span> <span class='ocrx_word' id='word_1_216' title='bbox 984 2403 1088 2469; x_wconf 89' lang='lat' dir='ltr'><strong>libere</strong></span> <span class='ocrx_word' id='word_1_217' title='bbox 1115 2403 1235 2488; x_wconf 82' lang='lat' dir='ltr'><strong>agendi</strong></span> <span class='ocrx_word' id='word_1_218' title='bbox 1256 2405 1457 2488; x_wconf 88' lang='lat' dir='ltr'><strong>potestatem</strong></span> <span class='ocrx_word' id='word_1_219' title='bbox 1483 2403 1665 2469; x_wconf 81' lang='lat' dir='ltr'><strong>ademerit?</strong></span> <span class='ocrx_word' id='word_1_220' title='bbox 1707 2401 1825 2468; x_wconf 87' lang='lat' dir='ltr'><strong>Noluit</strong></span> 
     </span>
     <span class='ocr_line' id='line_1_19' title="bbox 248 2522 1847 2608; baseline -0.002 -19"><span class='ocrx_word' id='word_1_221' title='bbox 248 2525 397 2608; x_wconf 82' lang='lat' dir='ltr'><strong>profecto</strong></span> <span class='ocrx_word' id='word_1_222' title='bbox 424 2523 533 2588; x_wconf 86' lang='lat' dir='ltr'><strong>facere</strong></span> <span class='ocrx_word' id='word_1_223' title='bbox 561 2522 648 2606; x_wconf 89' lang='lat' dir='ltr'><strong>quod</strong></span> <span class='ocrx_word' id='word_1_224' title='bbox 681 2525 712 2588; x_wconf 92' lang='lat' dir='ltr'><strong>si</strong></span> <span class='ocrx_word' id='word_1_225' title='bbox 742 2523 908 2590; x_wconf 88' lang='lat' dir='ltr'><strong>uoluisset</strong></span> <span class='ocrx_word' id='word_1_226' title='bbox 933 2525 1108 2607; x_wconf 88' lang='lat' dir='ltr'><strong>potuisset.</strong></span> <span class='ocrx_word' id='word_1_227' title='bbox 1163 2523 1257 2606; x_wconf 75' lang='lat' dir='ltr'><strong>Quae</strong></span> <span class='ocrx_word' id='word_1_228' title='bbox 1290 2545 1365 2589; x_wconf 92' lang='lat' dir='ltr'><strong>cum</strong></span> <span class='ocrx_word' id='word_1_229' title='bbox 1391 2525 1440 2588; x_wconf 88' lang='lat' dir='ltr'><strong>ita</strong></span> <span class='ocrx_word' id='word_1_230' title='bbox 1472 2523 1541 2588; x_wconf 91' lang='lat' dir='ltr'><strong>sint</strong></span> <span class='ocrx_word' id='word_1_231' title='bbox 1565 2522 1651 2588; x_wconf 87' lang='lat' dir='ltr'><strong>hanc</strong></span> <span class='ocrx_word' id='word_1_232' title='bbox 1684 2522 1847 2587; x_wconf 82' lang='lat' dir='ltr'><strong>alteram&#39;</strong></span> 
     </span>
     <span class='ocr_line' id='line_1_20' title="bbox 249 2641 1824 2728; baseline -0.001 -20"><span class='ocrx_word' id='word_1_233' title='bbox 249 2643 427 2728; x_wconf 88' lang='lat' dir='ltr'><strong>epistulam</strong></span> <span class='ocrx_word' id='word_1_234' title='bbox 455 2643 613 2728; x_wconf 84' lang='lat' dir='ltr'><strong>scriptam</strong></span> <span class='ocrx_word' id='word_1_235' title='bbox 640 2663 713 2708; x_wconf 90' lang='lat' dir='ltr'><strong>esse</strong></span> <span class='ocrx_word' id='word_1_236' title='bbox 740 2643 967 2726; x_wconf 83' lang='lat' dir='ltr'><strong>intellegimus</strong></span> <span class='ocrx_word' id='word_1_237' title='bbox 993 2665 1061 2708; x_wconf 89' lang='lat' dir='ltr'><strong>non</strong></span> <span class='ocrx_word' id='word_1_238' title='bbox 1087 2665 1202 2710; x_wconf 88' lang='lat' dir='ltr'><strong>mense</strong></span> <span class='ocrx_word' id='word_1_239' title='bbox 1229 2644 1611 2728; x_wconf 74' lang='lat' dir='ltr'><strong>Decembripcstquam</strong></span> <span class='ocrx_word' id='word_1_240' title='bbox 1639 2641 1756 2708; x_wconf 90' lang='lat' dir='ltr'><strong>Cicero</strong></span> <span class='ocrx_word' id='word_1_241' title='bbox 1778 2642 1824 2719; x_wconf 70' lang='lat' dir='ltr'><strong>,in</strong></span> 
     </span>
     <span class='ocr_line' id='line_1_21' title="bbox 249 2742 1927 2847; baseline -0.001 -19"><span class='ocrx_word' id='word_1_242' title='bbox 249 2762 365 2828; x_wconf 89' lang='lat' dir='ltr'><strong>urbem</strong></span> <span class='ocrx_word' id='word_1_243' title='bbox 387 2759 487 2827; x_wconf 87' lang='lat' dir='ltr'><strong>rediit</strong></span> <span class='ocrx_word' id='word_1_244' title='bbox 508 2799 546 2812; x_wconf 86' lang='lat'>-</span> <span class='ocrx_word' id='word_1_245' title='bbox 572 2783 636 2845; x_wconf 87' lang='lat' dir='ltr'><strong>qno</strong></span> <span class='ocrx_word' id='word_1_246' title='bbox 658 2784 686 2828; x_wconf 89' lang='lat' dir='ltr'><strong>a.</strong></span> <span class='ocrx_word' id='word_1_247' title='bbox 709 2762 740 2827; x_wconf 92' lang='lat' dir='ltr'><strong>d.</strong></span> <span class='ocrx_word' id='word_1_248' title='bbox 754 2763 795 2828; x_wconf 96' lang='lat' dir='ltr'><strong>V.</strong></span> <span class='ocrx_word' id='word_1_249' title='bbox 816 2762 865 2828; x_wconf 87' lang='lat' dir='ltr'><strong>Id.</strong></span> <span class='ocrx_word' id='word_1_250' title='bbox 887 2765 1103 2847; x_wconf 74' lang='lat' dir='ltr'><strong>peruenit-</strong></span> <span class='ocrx_word' id='word_1_251' title='bbox 1127 2763 1186 2830; x_wconf 88' lang='lat' dir='ltr'><strong>sed</strong></span> <span class='ocrx_word' id='word_1_252' title='bbox 1207 2776 1285 2830; x_wconf 91' lang='lat' dir='ltr'><strong>ante</strong></span> <span class='ocrx_word' id='word_1_253' title='bbox 1306 2742 1406 2847; x_wconf 85' lang='lat' dir='ltr'><strong>quarh</strong></span> <span class='ocrx_word' id='word_1_254' title='bbox 1427 2763 1509 2830; x_wconf 89' lang='lat' dir='ltr'><strong>urbe</strong></span> <span class='ocrx_word' id='word_1_255' title='bbox 1531 2762 1714 2840; x_wconf 87' lang='lat' dir='ltr'><strong>excederet,</strong></span> <span class='ocrx_word' id='word_1_256' title='bbox 1737 2759 1824 2846; x_wconf 85' lang='lat' dir='ltr'><strong>quod</strong></span> <span class='ocrx_word' id='word_1_257' title='bbox 1850 2765 1872 2784; x_wconf 84' lang='lat'>&#39;</span> <span class='ocrx_word' id='word_1_258' title='bbox 1917 2759 1927 2770; x_wconf 72' lang='lat'><em>⁴</em></span> 
     </span>
     <span class='ocr_line' id='line_1_22' title="bbox 247 2880 1824 2968; baseline -0.001 -20"><span class='ocrx_word' id='word_1_259' title='bbox 247 2882 357 2948; x_wconf 89' lang='lat' dir='ltr'><strong>medio</strong></span> <span class='ocrx_word' id='word_1_260' title='bbox 386 2880 523 2948; x_wconf 86' lang='lat' dir='ltr'><strong>Octobri</strong></span> <span class='ocrx_word' id='word_1_261' title='bbox 549 2883 674 2948; x_wconf 75' lang='lat' dir='ltr'><strong>tactum</strong></span> <span class='ocrx_word' id='word_1_262' title='bbox 701 2904 775 2948; x_wconf 87' lang='lat' dir='ltr'><strong>csse</strong></span> <span class='ocrx_word' id='word_1_263' title='bbox 803 2905 904 2968; x_wconf 87' lang='lat' dir='ltr'><strong>supra</strong></span> <span class='ocrx_word' id='word_1_264' title='bbox 929 2883 1241 2950; x_wconf 87' lang='lat' dir='ltr'><strong>demonstrauimus.</strong></span> <span class='ocrx_word' id='word_1_265' title='bbox 1271 2886 1362 2950; x_wconf 84' lang='lat' dir='ltr'><strong>&#39;Iam</strong></span> <span class='ocrx_word' id='word_1_266' title='bbox 1392 2885 1476 2950; x_wconf 89' lang='lat' dir='ltr'><strong>uero</strong></span> <span class='ocrx_word' id='word_1_267' title='bbox 1502 2883 1587 2949; x_wconf 90' lang='lat' dir='ltr'><strong>illud</strong></span> <span class='ocrx_word' id='word_1_268' title='bbox 1612 2881 1824 2950; x_wconf 84' lang='lat' dir='ltr'><strong>recordemur</strong></span> 
     </span>
     <span class='ocr_line' id='line_1_23' title="bbox 248 3001 1823 3087; baseline -0.001 -19"><span class='ocrx_word' id='word_1_269' title='bbox 248 3001 434 3068; x_wconf 82' lang='lat' dir='ltr'><strong>Antonium</strong></span> <span class='ocrx_word' id='word_1_270' title='bbox 456 3023 520 3086; x_wconf 91' lang='lat' dir='ltr'><strong>qno</strong></span> <span class='ocrx_word' id='word_1_271' title='bbox 543 3001 596 3067; x_wconf 91' lang='lat' dir='ltr'><strong>die</strong></span> <span class='ocrx_word' id='word_1_272' title='bbox 618 3001 696 3067; x_wconf 87' lang='lat' dir='ltr'><strong>data</strong></span> <span class='ocrx_word' id='word_1_273' title='bbox 716 3005 762 3068; x_wconf 92' lang='lat' dir='ltr'><strong>sit</strong></span> <span class='ocrx_word' id='word_1_274' title='bbox 784 3003 928 3087; x_wconf 86' lang='lat' dir='ltr'><strong>epistula</strong></span> <span class='ocrx_word' id='word_1_275' title='bbox 946 3005 1073 3070; x_wconf 88' lang='lat' dir='ltr'><strong>Romae</strong></span> <span class='ocrx_word' id='word_1_276' title='bbox 1095 3005 1207 3069; x_wconf 84' lang='lat' dir='ltr'><strong>fuisse.</strong></span> <span class='ocrx_word' id='word_1_277' title='bbox 1245 3003 1372 3070; x_wconf 87' lang='lat' dir='ltr'><strong>Aderat</strong></span> <span class='ocrx_word' id='word_1_278' title='bbox 1393 3025 1435 3069; x_wconf 83' lang='lat' dir='ltr'><strong>ex</strong></span> <span class='ocrx_word' id='word_1_279' title='bbox 1457 3025 1485 3070; x_wconf 86' lang='lat' dir='ltr'><strong>a</strong></span> <span class='ocrx_word' id='word_1_280' title='bbox 1500 3003 1535 3070; x_wconf 64' lang='grc' dir='ltr'><strong>(1Δ</strong></span> <span class='ocrx_word' id='word_1_281' title='bbox 1544 3003 1642 3068; x_wconf 84' lang='grc' dir='ltr'><strong>ΧΙΠ.</strong></span> <span class='ocrx_word' id='word_1_282' title='bbox 1656 3002 1733 3069; x_wconf 85' lang='lat' dir='ltr'><strong>Kal.</strong></span> <span class='ocrx_word' id='word_1_283' title='bbox 1750 3001 1823 3068; x_wconf 90' lang='lat' dir='ltr'><strong>Oct.</strong></span> 
     </span>
     <span class='ocr_line' id='line_1_24' title="bbox 249 3119 1823 3210; baseline -0.001 -23"><span class='ocrx_word' id='word_1_284' title='bbox 249 3121 290 3187; x_wconf 88' lang='lat' dir='ltr'><strong>ad</strong></span> <span class='ocrx_word' id='word_1_285' title='bbox 311 3143 340 3187; x_wconf 86' lang='lat' dir='ltr'><strong>a.</strong></span> <span class='ocrx_word' id='word_1_286' title='bbox 362 3121 391 3186; x_wconf 92' lang='lat' dir='ltr'><strong>d.</strong></span> <span class='ocrx_word' id='word_1_287' title='bbox 406 3121 484 3186; x_wconf 90' lang='lat' dir='ltr'><strong>VH.</strong></span> <span class='ocrx_word' id='word_1_288' title='bbox 505 3121 553 3186; x_wconf 78' lang='lat' dir='ltr'><strong>Id.</strong></span> <span class='ocrx_word' id='word_1_289' title='bbox 577 3121 665 3200; x_wconf 89' lang='lat' dir='ltr'><strong>Oct,</strong></span> <span class='ocrx_word' id='word_1_290' title='bbox 693 3143 757 3206; x_wconf 86' lang='lat' dir='ltr'><strong>quo</strong></span> <span class='ocrx_word' id='word_1_291' title='bbox 785 3121 838 3188; x_wconf 91' lang='lat' dir='ltr'><strong>die</strong></span> <span class='ocrx_word' id='word_1_292' title='bbox 865 3123 1084 3190; x_wconf 83' lang='lat' dir='ltr'><strong>Brundisium</strong></span> <span class='ocrx_word' id='word_1_293' title='bbox 1109 3125 1279 3208; x_wconf 80' lang='lat' dir='ltr'><strong>profectus</strong></span> <span class='ocrx_word' id='word_1_294' title='bbox 1306 3133 1359 3190; x_wconf 90' lang='lat' dir='ltr'><strong>est</strong></span> <span class='ocrx_word' id='word_1_295' title='bbox 1384 3124 1421 3210; x_wconf 90' lang='lat' dir='ltr'><strong>(l.</strong></span> <span class='ocrx_word' id='word_1_296' title='bbox 1443 3123 1522 3190; x_wconf 78' lang='lat' dir='ltr'><strong>XII.</strong></span> <span class='ocrx_word' id='word_1_297' title='bbox 1550 3123 1645 3208; x_wconf 90' lang='lat' dir='ltr'><strong>epist.</strong></span> <span class='ocrx_word' id='word_1_298' title='bbox 1668 3121 1718 3186; x_wconf 81' lang='lat'><strong>23.</strong></span> <span class='ocrx_word' id='word_1_299' title='bbox 1741 3119 1823 3204; x_wconf 70' lang='grc'><strong>11).</strong></span> 
     </span>
    </p>
   </div>
   <div class='ocr_carea' id='block_1_5' title="bbox 248 3242 1824 3328">
    <p class='ocr_par' dir='ltr' id='par_1_5' title="bbox 248 3242 1824 3328">
     <span class='ocr_line' id='line_1_25' title="bbox 248 3242 1824 3328; baseline 0.001 -22"><span class='ocrx_word' id='word_1_300' title='bbox 248 3242 322 3308; x_wconf 89' lang='lat' dir='ltr'><strong>Hoc</strong></span> <span class='ocrx_word' id='word_1_301' title='bbox 344 3261 424 3306; x_wconf 88' lang='lat' dir='ltr'><strong>sane</strong></span> <span class='ocrx_word' id='word_1_302' title='bbox 444 3242 607 3326; x_wconf 89' lang='lat' dir='ltr'><strong>temporis</strong></span> <span class='ocrx_word' id='word_1_303' title='bbox 627 3242 737 3326; x_wconf 86' lang='lat' dir='ltr'><strong>spatio</strong></span> <span class='ocrx_word' id='word_1_304' title='bbox 758 3243 795 3306; x_wconf 92' lang='lat' dir='ltr'><strong>in</strong></span> <span class='ocrx_word' id='word_1_305' title='bbox 817 3243 965 3326; x_wconf 90' lang='lat' dir='ltr'><strong>periculo</strong></span> <span class='ocrx_word' id='word_1_306' title='bbox 988 3251 1060 3308; x_wconf 89' lang='lat' dir='ltr'><strong>erat</strong></span> <span class='ocrx_word' id='word_1_307' title='bbox 1082 3243 1199 3310; x_wconf 89' lang='lat' dir='ltr'><strong>Cicero</strong></span> <span class='ocrx_word' id='word_1_308' title='bbox 1223 3243 1324 3326; x_wconf 89' lang='lat' dir='ltr'><strong>(Phil.</strong></span> <span class='ocrx_word' id='word_1_309' title='bbox 1340 3244 1381 3309; x_wconf 93' lang='lat' dir='ltr'><strong>V.</strong></span> <span class='ocrx_word' id='word_1_310' title='bbox 1403 3243 1432 3308; x_wconf 83' lang='lat'><strong>6.</strong></span> <span class='ocrx_word' id='word_1_311' title='bbox 1456 3243 1505 3308; x_wconf 87' lang='grc'><strong>18.</strong></span> <span class='ocrx_word' id='word_1_312' title='bbox 1528 3243 1598 3328; x_wconf 80' lang='lat' dir='ltr'><strong>al),</strong></span> <span class='ocrx_word' id='word_1_313' title='bbox 1627 3243 1688 3307; x_wconf 90' lang='lat' dir='ltr'><strong>hoc</strong></span> <span class='ocrx_word' id='word_1_314' title='bbox 1707 3242 1749 3306; x_wconf 89' lang='lat' dir='ltr'><strong>in</strong></span> <span class='ocrx_word' id='word_1_315' title='bbox 1772 3263 1824 3308; x_wconf 88' lang='lat' dir='ltr'><strong>se-</strong></span> 
     </span>
    </p>
   </div>
   <div class='ocr_carea' id='block_1_6' title="bbox 130 3361 1825 3448">
    <p class='ocr_par' dir='ltr' id='par_1_6' title="bbox 130 3361 1825 3448">
     <span class='ocr_line' id='line_1_26' title="bbox 130 3361 1825 3448; baseline 0.001 -23"><span class='ocrx_word' id='word_1_316' title='bbox 130 3418 135 3425; x_wconf 86' lang='lat'><strong>.</strong></span> <span class='ocrx_word' id='word_1_317' title='bbox 248 3372 365 3428; x_wconf 89' lang='lat' dir='ltr'><strong>natum</strong></span> <span class='ocrx_word' id='word_1_318' title='bbox 385 3361 501 3427; x_wconf 89' lang='lat' dir='ltr'><strong>uenire</strong></span> <span class='ocrx_word' id='word_1_319' title='bbox 515 3381 584 3428; x_wconf 91' lang='lat' dir='ltr'><strong>non</strong></span> <span class='ocrx_word' id='word_1_320' title='bbox 598 3361 740 3428; x_wconf 85' lang='lat' dir='ltr'><strong>audebat</strong></span> <span class='ocrx_word' id='word_1_321' title='bbox 756 3363 859 3448; x_wconf 87' lang='lat' dir='ltr'><strong>(Phil.</strong></span> <span class='ocrx_word' id='word_1_322' title='bbox 872 3363 913 3428; x_wconf 89' lang='lat' dir='ltr'><strong>V.</strong></span> <span class='ocrx_word' id='word_1_323' title='bbox 928 3363 957 3429; x_wconf 84' lang='lat' dir='ltr'><strong>V.</strong></span> <span class='ocrx_word' id='word_1_324' title='bbox 980 3363 1085 3445; x_wconf 65' lang='grc'><strong>1211),</strong></span> <span class='ocrx_word' id='word_1_325' title='bbox 1108 3370 1147 3427; x_wconf 91' lang='lat' dir='ltr'><strong>ut</strong></span> <span class='ocrx_word' id='word_1_326' title='bbox 1162 3363 1301 3428; x_wconf 86' lang='lat' dir='ltr'><strong>alteram</strong></span> <span class='ocrx_word' id='word_1_327' title='bbox 1316 3363 1499 3428; x_wconf 90' lang='lat' dir='ltr'><strong>orationem</strong></span> <span class='ocrx_word' id='word_1_328' title='bbox 1513 3361 1601 3428; x_wconf 92' lang='lat' dir='ltr'><strong>Phil.</strong></span> <span class='ocrx_word' id='word_1_329' title='bbox 1616 3383 1684 3428; x_wconf 91' lang='lat' dir='ltr'><strong>non</strong></span> <span class='ocrx_word' id='word_1_330' title='bbox 1700 3361 1825 3427; x_wconf 86' lang='lat' dir='ltr'><strong>diceret</strong></span> 
     </span>
    </p>
   </div>
   <div class='ocr_carea' id='block_1_7' title="bbox 247 3480 1825 3807">
    <p class='ocr_par' dir='ltr' id='par_1_7' title="bbox 247 3480 1825 3807">
     <span class='ocr_line' id='line_1_27' title="bbox 249 3480 1825 3567; baseline -0.001 -19"><span class='ocrx_word' id='word_1_331' title='bbox 249 3481 308 3548; x_wconf 88' lang='lat' dir='ltr'><strong>sed</strong></span> <span class='ocrx_word' id='word_1_332' title='bbox 330 3481 497 3548; x_wconf 75' lang='lat' dir='ltr'><strong>scriberet.</strong></span> <span class='ocrx_word' id='word_1_333' title='bbox 539 3482 658 3565; x_wconf 83' lang='lat' dir='ltr'><strong>Itaque</strong></span> <span class='ocrx_word' id='word_1_334' title='bbox 679 3503 757 3548; x_wconf 91' lang='lat' dir='ltr'><strong>cum</strong></span> <span class='ocrx_word' id='word_1_335' title='bbox 778 3483 921 3566; x_wconf 89' lang='lat' dir='ltr'><strong>primam</strong></span> <span class='ocrx_word' id='word_1_336' title='bbox 944 3481 1115 3550; x_wconf 77' lang='lat' dir='ltr'><strong>Ciceronis</strong></span> <span class='ocrx_word' id='word_1_337' title='bbox 1142 3483 1320 3567; x_wconf 89' lang='lat' dir='ltr'><strong>epistulam</strong></span> <span class='ocrx_word' id='word_1_338' title='bbox 1341 3482 1503 3548; x_wconf 86' lang='lat' dir='ltr'><strong>Kalendis</strong></span> <span class='ocrx_word' id='word_1_339' title='bbox 1525 3482 1595 3546; x_wconf 85' lang='lat' dir='ltr'><strong>fore</strong></span> <span class='ocrx_word' id='word_1_340' title='bbox 1618 3480 1690 3546; x_wconf 89' lang='lat' dir='ltr'><strong>Oct.</strong></span> <span class='ocrx_word' id='word_1_341' title='bbox 1713 3481 1825 3546; x_wconf 87' lang='lat' dir='ltr'><strong>datam</strong></span> 
     </span>
     <span class='ocr_line' id='line_1_28' title="bbox 248 3601 1825 3688; baseline -0.001 -22"><span class='ocrx_word' id='word_1_342' title='bbox 248 3623 322 3668; x_wconf 90' lang='lat' dir='ltr'><strong>esse</strong></span> <span class='ocrx_word' id='word_1_343' title='bbox 343 3601 539 3680; x_wconf 87' lang='lat' dir='ltr'><strong>uiderimus,</strong></span> <span class='ocrx_word' id='word_1_344' title='bbox 566 3602 652 3667; x_wconf 90' lang='lat' dir='ltr'><strong>hanc</strong></span> <span class='ocrx_word' id='word_1_345' title='bbox 674 3603 813 3668; x_wconf 90' lang='lat' dir='ltr'><strong>alteram</strong></span> <span class='ocrx_word' id='word_1_346' title='bbox 842 3603 999 3687; x_wconf 84' lang='lat' dir='ltr'><strong>scriptam</strong></span> <span class='ocrx_word' id='word_1_347' title='bbox 1027 3624 1101 3670; x_wconf 88' lang='lat' dir='ltr'><strong>esse</strong></span> <span class='ocrx_word' id='word_1_348' title='bbox 1129 3602 1266 3688; x_wconf 88' lang='lat' dir='ltr'><strong>adparet</strong></span> <span class='ocrx_word' id='word_1_349' title='bbox 1288 3624 1352 3687; x_wconf 90' lang='lat' dir='ltr'><strong>quo</strong></span> <span class='ocrx_word' id='word_1_350' title='bbox 1374 3601 1427 3668; x_wconf 89' lang='lat' dir='ltr'><strong>die</strong></span> <span class='ocrx_word' id='word_1_351' title='bbox 1454 3609 1590 3668; x_wconf 88' lang='lat' dir='ltr'><strong>senatus</strong></span> <span class='ocrx_word' id='word_1_352' title='bbox 1612 3601 1746 3666; x_wconf 88' lang='lat' dir='ltr'><strong>habitus</strong></span> <span class='ocrx_word' id='word_1_353' title='bbox 1773 3609 1825 3665; x_wconf 91' lang='lat' dir='ltr'><strong>est</strong></span> 
     </span>
     <span class='ocr_line' id='line_1_29' title="bbox 247 3721 1822 3807; baseline -0.001 -19"><span class='ocrx_word' id='word_1_354' title='bbox 247 3721 414 3788; x_wconf 87' lang='lat' dir='ltr'><strong>circitor</strong></span> <span class='ocrx_word' id='word_1_355' title='bbox 435 3721 569 3787; x_wconf 89' lang='lat' dir='ltr'><strong>Nonas</strong></span> <span class='ocrx_word' id='word_1_356' title='bbox 592 3721 691 3799; x_wconf 89' lang='lat' dir='ltr'><strong>Oet,</strong></span> <span class='ocrx_word' id='word_1_357' title='bbox 719 3729 798 3807; x_wconf 91' lang='lat' dir='ltr'><strong>post</strong></span> <span class='ocrx_word' id='word_1_358' title='bbox 817 3721 988 3788; x_wconf 87' lang='lat' dir='ltr'><strong>Kalendas</strong></span> <span class='ocrx_word' id='word_1_359' title='bbox 1016 3731 1105 3788; x_wconf 87' lang='lat' dir='ltr'><strong>certe</strong></span> <span class='ocrx_word' id='word_1_360' title='bbox 1127 3759 1168 3770; x_wconf 91' lang='lat'>—</span> <span class='ocrx_word' id='word_1_361' title='bbox 1191 3743 1255 3806; x_wconf 89' lang='lat' dir='ltr'><strong>quo</strong></span> <span class='ocrx_word' id='word_1_362' title='bbox 1278 3723 1347 3786; x_wconf 87' lang='lat' dir='ltr'><strong>fere</strong></span> <span class='ocrx_word' id='word_1_363' title='bbox 1369 3722 1423 3788; x_wconf 92' lang='lat' dir='ltr'><strong>die</strong></span> <span class='ocrx_word' id='word_1_364' title='bbox 1451 3743 1500 3806; x_wconf 89' lang='lat' dir='ltr'><strong>cp.</strong></span> <span class='ocrx_word' id='word_1_365' title='bbox 1524 3723 1551 3787; x_wconf 93' lang='lat'><strong>1.</strong></span> <span class='ocrx_word' id='word_1_366' title='bbox 1578 3721 1682 3788; x_wconf 84' lang='lat' dir='ltr'><strong>missa</strong></span> <span class='ocrx_word' id='word_1_367' title='bbox 1708 3727 1761 3786; x_wconf 88' lang='lat' dir='ltr'><strong>est</strong></span> <span class='ocrx_word' id='word_1_368' title='bbox 1781 3757 1822 3768; x_wconf 93' lang='lat'><strong>-—</strong></span> 
     </span>
    </p>
   </div>
   <div class='ocr_carea' id='block_1_8' title="bbox 246 3927 1831 4678">
    <p class='ocr_par' dir='ltr' id='par_1_8' title="bbox 246 3927 1831 4678">
     <span class='ocr_line' id='line_1_30' title="bbox 248 3927 1824 3998; baseline -0.001 -20"><span class='ocrx_word' id='word_1_369' title='bbox 248 3928 305 3998; x_wconf 84' lang='lat' dir='ltr'><strong>ipso</strong></span> <span class='ocrx_word' id='word_1_370' title='bbox 324 3929 367 3981; x_wconf 89' lang='lat' dir='ltr'><strong>dic</strong></span> <span class='ocrx_word' id='word_1_371' title='bbox 390 3944 421 3981; x_wconf 90' lang='lat' dir='ltr'><strong>se</strong></span> <span class='ocrx_word' id='word_1_372' title='bbox 444 3929 510 3982; x_wconf 87' lang='lat' dir='ltr'><strong>dnus</strong></span> <span class='ocrx_word' id='word_1_373' title='bbox 533 3927 663 3998; x_wconf 87' lang='lat' dir='ltr'><strong>epistulas</strong></span> <span class='ocrx_word' id='word_1_374' title='bbox 686 3927 720 3980; x_wconf 82' lang='lat' dir='ltr'><strong>&#39;ab</strong></span> <span class='ocrx_word' id='word_1_375' title='bbox 738 3927 829 3982; x_wconf 83' lang='lat' dir='ltr'><strong>Attico</strong></span> <span class='ocrx_word' id='word_1_376' title='bbox 852 3929 986 3998; x_wconf 87' lang='lat' dir='ltr'><strong>accepisse</strong></span> <span class='ocrx_word' id='word_1_377' title='bbox 1008 3929 1127 3998; x_wconf 75' lang='lat' dir='ltr'><strong>scripsit,</strong></span> <span class='ocrx_word' id='word_1_378' title='bbox 1154 3945 1219 3997; x_wconf 87' lang='lat' dir='ltr'><strong>quas</strong></span> <span class='ocrx_word' id='word_1_379' title='bbox 1241 3933 1287 3981; x_wconf 85' lang='lat' dir='ltr'><strong>ant</strong></span> <span class='ocrx_word' id='word_1_380' title='bbox 1309 3947 1332 3981; x_wconf 87' lang='lat' dir='ltr'><strong>a.</strong></span> <span class='ocrx_word' id='word_1_381' title='bbox 1350 3928 1375 3981; x_wconf 89' lang='lat' dir='ltr'><strong>d.</strong></span> <span class='ocrx_word' id='word_1_382' title='bbox 1393 3927 1457 3982; x_wconf 87' lang='lat' dir='ltr'><strong>XII.</strong></span> <span class='ocrx_word' id='word_1_383' title='bbox 1475 3928 1537 3980; x_wconf 86' lang='lat' dir='ltr'><strong>Kal.</strong></span> <span class='ocrx_word' id='word_1_384' title='bbox 1555 3927 1623 3980; x_wconf 85' lang='lat' dir='ltr'><strong>Nou.</strong></span> <span class='ocrx_word' id='word_1_385' title='bbox 1646 3931 1693 3982; x_wconf 89' lang='lat' dir='ltr'><strong>aut</strong></span> <span class='ocrx_word' id='word_1_386' title='bbox 1709 3927 1775 3979; x_wconf 89' lang='lat' dir='ltr'><strong>XII.</strong></span> <span class='ocrx_word' id='word_1_387' title='bbox 1796 3930 1824 3978; x_wconf 90' lang='lat' dir='ltr'><strong>et</strong></span> 
     </span>
     <span class='ocr_line' id='line_1_31' title="bbox 248 4009 1823 4088; baseline -0.001 -25"><span class='ocrx_word' id='word_1_388' title='bbox 248 4009 328 4065; x_wconf 87' lang='lat' dir='ltr'><strong>XIII.</strong></span> <span class='ocrx_word' id='word_1_389' title='bbox 346 4017 391 4066; x_wconf 87' lang='lat' dir='ltr'><strong>aut</strong></span> <span class='ocrx_word' id='word_1_390' title='bbox 413 4017 474 4066; x_wconf 85' lang='lat' dir='ltr'><strong>ante</strong></span> <span class='ocrx_word' id='word_1_391' title='bbox 491 4014 542 4067; x_wconf 90' lang='lat' dir='ltr'><strong>hos</strong></span> <span class='ocrx_word' id='word_1_392' title='bbox 561 4013 619 4066; x_wconf 87' lang='lat' dir='ltr'><strong>dics</strong></span> <span class='ocrx_word' id='word_1_393' title='bbox 637 4012 731 4066; x_wconf 89' lang='lat' dir='ltr'><strong>missas</strong></span> <span class='ocrx_word' id='word_1_394' title='bbox 748 4029 808 4066; x_wconf 87' lang='lat' dir='ltr'><strong>esse</strong></span> <span class='ocrx_word' id='word_1_395' title='bbox 826 4017 937 4067; x_wconf 86' lang='lat' dir='ltr'><strong>necesse</strong></span> <span class='ocrx_word' id='word_1_396' title='bbox 956 4021 1005 4079; x_wconf 89' lang='lat' dir='ltr'><strong>ost,</strong></span> <span class='ocrx_word' id='word_1_397' title='bbox 1029 4032 1088 4067; x_wconf 89' lang='lat' dir='ltr'><strong>cum</strong></span> <span class='ocrx_word' id='word_1_398' title='bbox 1107 4015 1236 4083; x_wconf 86' lang='lat' dir='ltr'><strong>epistulae</strong></span> <span class='ocrx_word' id='word_1_399' title='bbox 1254 4014 1355 4066; x_wconf 87' lang='lat' dir='ltr'><strong>Romae</strong></span> <span class='ocrx_word' id='word_1_400' title='bbox 1374 4013 1489 4081; x_wconf 85' lang='lat' dir='ltr'><strong>scriptae</strong></span> <span class='ocrx_word' id='word_1_401' title='bbox 1508 4011 1638 4078; x_wconf 79' lang='lat' dir='ltr'><strong>Ciceroni,</strong></span> <span class='ocrx_word' id='word_1_402' title='bbox 1658 4030 1717 4065; x_wconf 90' lang='lat' dir='ltr'><strong>cum</strong></span> <span class='ocrx_word' id='word_1_403' title='bbox 1735 4013 1777 4063; x_wconf 88' lang='lat' dir='ltr'><strong>uel</strong></span> <span class='ocrx_word' id='word_1_404' title='bbox 1795 4011 1823 4088; x_wconf 86' lang='lat' dir='ltr'><strong>in</strong></span> 
     </span>
     <span class='ocr_line' id='line_1_32' title="bbox 253 4091 1831 4168; baseline 0 -20"><span class='ocrx_word' id='word_1_405' title='bbox 253 4095 401 4152; x_wconf 84' lang='lat' dir='ltr'><strong>Puteolano</strong></span> <span class='ocrx_word' id='word_1_406' title='bbox 422 4097 467 4151; x_wconf 89' lang='lat' dir='ltr'><strong>uel</strong></span> <span class='ocrx_word' id='word_1_407' title='bbox 493 4099 521 4150; x_wconf 90' lang='lat' dir='ltr'><strong>in</strong></span> <span class='ocrx_word' id='word_1_408' title='bbox 540 4097 659 4151; x_wconf 87' lang='lat' dir='ltr'><strong>Cumano</strong></span> <span class='ocrx_word' id='word_1_409' title='bbox 675 4105 761 4163; x_wconf 84' lang='lat' dir='ltr'><strong>esset,</strong></span> <span class='ocrx_word' id='word_1_410' title='bbox 789 4105 850 4152; x_wconf 89' lang='lat' dir='ltr'><strong>ante</strong></span> <span class='ocrx_word' id='word_1_411' title='bbox 874 4105 997 4168; x_wconf 85' lang='lat' dir='ltr'><strong>quartum</strong></span> <span class='ocrx_word' id='word_1_412' title='bbox 1016 4099 1085 4153; x_wconf 88' lang='lat' dir='ltr'><strong>diem</strong></span> <span class='ocrx_word' id='word_1_413' title='bbox 1109 4115 1212 4168; x_wconf 84' lang='lat' dir='ltr'><strong>exque</strong></span> <span class='ocrx_word' id='word_1_414' title='bbox 1231 4099 1369 4152; x_wconf 81' lang='grc'><strong>(11010100</strong></span> <span class='ocrx_word' id='word_1_415' title='bbox 1392 4101 1482 4150; x_wconf 88' lang='lat' dir='ltr'><strong>esseut</strong></span> <span class='ocrx_word' id='word_1_416' title='bbox 1499 4099 1596 4152; x_wconf 78' lang='lat' dir='ltr'><strong>adferri</strong></span> <span class='ocrx_word' id='word_1_417' title='bbox 1618 4115 1671 4152; x_wconf 88' lang='lat' dir='ltr'><strong>non</strong></span> <span class='ocrx_word' id='word_1_418' title='bbox 1689 4091 1831 4166; x_wconf 73' lang='lat' dir='ltr'><strong>potuerint,</strong></span> 
     </span>
     <span class='ocr_line' id='line_1_33' title="bbox 248 4179 1822 4252; baseline 0 -18"><span class='ocrx_word' id='word_1_419' title='bbox 248 4181 297 4248; x_wconf 87' lang='lat' dir='ltr'><strong>(ad</strong></span> <span class='ocrx_word' id='word_1_420' title='bbox 313 4179 373 4236; x_wconf 81' lang='lat' dir='ltr'><strong>Art.</strong></span> <span class='ocrx_word' id='word_1_421' title='bbox 391 4183 469 4234; x_wconf 87' lang='lat' dir='ltr'><strong>XVI.</strong></span> <span class='ocrx_word' id='word_1_422' title='bbox 487 4183 527 4234; x_wconf 90' lang='grc'><strong>11.</strong></span> <span class='ocrx_word' id='word_1_423' title='bbox 545 4183 604 4249; x_wconf 84' lang='lat' dir='ltr'><strong>in).</strong></span> <span class='ocrx_word' id='word_1_424' title='bbox 640 4181 767 4251; x_wconf 82' lang='lat' dir='ltr'><strong>Sequitur</strong></span> <span class='ocrx_word' id='word_1_425' title='bbox 788 4183 870 4252; x_wconf 83' lang='lat' dir='ltr'><strong>igitur</strong></span> <span class='ocrx_word' id='word_1_426' title='bbox 892 4189 923 4236; x_wconf 89' lang='lat' dir='ltr'><strong>nt</strong></span> <span class='ocrx_word' id='word_1_427' title='bbox 941 4183 1035 4238; x_wconf 84' lang='lat' dir='ltr'><strong>Cicero</strong></span> <span class='ocrx_word' id='word_1_428' title='bbox 1057 4203 1080 4238; x_wconf 85' lang='lat' dir='ltr'><strong>a</strong></span> <span class='ocrx_word' id='word_1_429' title='bbox 1099 4185 1123 4236; x_wconf 91' lang='lat' dir='ltr'><strong>d.</strong></span> <span class='ocrx_word' id='word_1_430' title='bbox 1142 4185 1223 4238; x_wconf 86' lang='lat' dir='ltr'><strong>XIII.</strong></span> <span class='ocrx_word' id='word_1_431' title='bbox 1241 4185 1302 4238; x_wconf 85' lang='lat' dir='ltr'><strong>Kal.</strong></span> <span class='ocrx_word' id='word_1_432' title='bbox 1320 4183 1387 4242; x_wconf 87' lang='lat' dir='ltr'><strong>Nou.</strong></span> <span class='ocrx_word' id='word_1_433' title='bbox 1406 4189 1479 4238; x_wconf 89' lang='lat' dir='ltr'><strong>certe</strong></span> <span class='ocrx_word' id='word_1_434' title='bbox 1500 4183 1553 4238; x_wconf 85' lang='lat' dir='ltr'><strong>iam</strong></span> <span class='ocrx_word' id='word_1_435' title='bbox 1574 4183 1601 4236; x_wconf 91' lang='lat' dir='ltr'><strong>in</strong></span> <span class='ocrx_word' id='word_1_436' title='bbox 1623 4181 1717 4235; x_wconf 89' lang='lat' dir='ltr'><strong>itinere</strong></span> <span class='ocrx_word' id='word_1_437' title='bbox 1734 4182 1822 4247; x_wconf 78' lang='lat' dir='ltr'><strong>merit,</strong></span> 
     </span>
     <span class='ocr_line' id='line_1_34' title="bbox 246 4263 1823 4337; baseline -0.001 -17"><span class='ocrx_word' id='word_1_438' title='bbox 246 4267 314 4320; x_wconf 87' lang='lat' dir='ltr'><strong>urbe</strong></span> <span class='ocrx_word' id='word_1_439' title='bbox 333 4267 478 4319; x_wconf 84' lang='lat' dir='ltr'><strong>excesserit</strong></span> <span class='ocrx_word' id='word_1_440' title='bbox 494 4263 548 4320; x_wconf 79' lang='lat' dir='ltr'><strong>tion</strong></span> <span class='ocrx_word' id='word_1_441' title='bbox 566 4271 685 4321; x_wconf 82' lang='lat' dir='ltr'><strong>extremo</strong></span> <span class='ocrx_word' id='word_1_442' title='bbox 703 4269 751 4322; x_wconf 88' lang='lat' dir='ltr'><strong>sed</strong></span> <span class='ocrx_word' id='word_1_443' title='bbox 768 4267 857 4322; x_wconf 89' lang='lat' dir='ltr'><strong>medio</strong></span> <span class='ocrx_word' id='word_1_444' title='bbox 875 4285 967 4322; x_wconf 90' lang='lat' dir='ltr'><strong>mense</strong></span> <span class='ocrx_word' id='word_1_445' title='bbox 986 4270 1045 4323; x_wconf 89' lang='lat' dir='ltr'><strong>Oct.</strong></span> <span class='ocrx_word' id='word_1_446' title='bbox 1081 4269 1158 4332; x_wconf 83' lang='lat' dir='ltr'><strong>Quod</strong></span> <span class='ocrx_word' id='word_1_447' title='bbox 1181 4285 1244 4322; x_wconf 88' lang='lat' dir='ltr'><strong>nere</strong></span> <span class='ocrx_word' id='word_1_448' title='bbox 1267 4274 1393 4337; x_wconf 87' lang='lat' dir='ltr'><strong>recteque</strong></span> <span class='ocrx_word' id='word_1_449' title='bbox 1411 4287 1427 4320; x_wconf 84' lang='lat' dir='ltr'><strong>a</strong></span> <span class='ocrx_word' id='word_1_450' title='bbox 1444 4269 1522 4322; x_wconf 91' lang='lat' dir='ltr'><strong>nobis</strong></span> <span class='ocrx_word' id='word_1_451' title='bbox 1545 4269 1689 4324; x_wconf 86' lang='lat' dir='ltr'><strong>iudicatum</strong></span> <span class='ocrx_word' id='word_1_452' title='bbox 1711 4283 1768 4320; x_wconf 90' lang='lat' dir='ltr'><strong>esse</strong></span> <span class='ocrx_word' id='word_1_453' title='bbox 1790 4284 1823 4320; x_wconf 85' lang='lat' dir='ltr'><strong>ex</strong></span> 
     </span>
     <span class='ocr_line' id='line_1_35' title="bbox 247 4351 1822 4424; baseline 0.001 -20"><span class='ocrx_word' id='word_1_454' title='bbox 247 4369 278 4405; x_wconf 87' lang='lat' dir='ltr'><strong>ea</strong></span> <span class='ocrx_word' id='word_1_455' title='bbox 300 4367 331 4406; x_wconf 89' lang='lat' dir='ltr'><strong>re</strong></span> <span class='ocrx_word' id='word_1_456' title='bbox 354 4367 512 4420; x_wconf 81' lang='lat' dir='ltr'><strong>cognoscas,</strong></span> <span class='ocrx_word' id='word_1_457' title='bbox 536 4353 607 4420; x_wconf 87' lang='lat' dir='ltr'><strong>qnod</strong></span> <span class='ocrx_word' id='word_1_458' title='bbox 625 4354 721 4408; x_wconf 89' lang='lat' dir='ltr'><strong>Cicero</strong></span> <span class='ocrx_word' id='word_1_459' title='bbox 738 4355 831 4408; x_wconf 89' lang='lat' dir='ltr'><strong>Attico</strong></span> <span class='ocrx_word' id='word_1_460' title='bbox 853 4355 964 4408; x_wconf 85' lang='lat' dir='ltr'><strong>alteram</strong></span> <span class='ocrx_word' id='word_1_461' title='bbox 988 4356 1135 4409; x_wconf 88' lang='lat' dir='ltr'><strong>orationem</strong></span> <span class='ocrx_word' id='word_1_462' title='bbox 1153 4353 1343 4424; x_wconf 83' lang='lat' dir='ltr'><strong>Philippicam,</strong></span> <span class='ocrx_word' id='word_1_463' title='bbox 1367 4371 1447 4422; x_wconf 88' lang='lat' dir='ltr'><strong>quam</strong></span> <span class='ocrx_word' id='word_1_464' title='bbox 1469 4371 1529 4406; x_wconf 87' lang='lat' dir='ltr'><strong>eum</strong></span> <span class='ocrx_word' id='word_1_465' title='bbox 1551 4351 1660 4407; x_wconf 86' lang='lat' dir='ltr'><strong>uolebat</strong></span> <span class='ocrx_word' id='word_1_466' title='bbox 1677 4353 1822 4418; x_wconf 88' lang='lat' dir='ltr'><strong>custodire,</strong></span> 
     </span>
     <span class='ocr_line' id='line_1_36' title="bbox 247 4437 1823 4513; baseline 0.001 -24"><span class='ocrx_word' id='word_1_467' title='bbox 247 4453 300 4490; x_wconf 88' lang='lat' dir='ltr'><strong>non</strong></span> <span class='ocrx_word' id='word_1_468' title='bbox 316 4437 375 4507; x_wconf 87' lang='lat' dir='ltr'><strong>ipse</strong></span> <span class='ocrx_word' id='word_1_469' title='bbox 393 4437 496 4513; x_wconf 72' lang='lat' dir='ltr'><strong>Romae</strong></span> <span class='ocrx_word' id='word_1_470' title='bbox 514 4437 629 4504; x_wconf 86' lang='lat' dir='ltr'><strong>tradidit,</strong></span> <span class='ocrx_word' id='word_1_471' title='bbox 649 4440 697 4493; x_wconf 86' lang='lat' dir='ltr'><strong>sed</strong></span> <span class='ocrx_word' id='word_1_472' title='bbox 715 4457 738 4492; x_wconf 80' lang='lat' dir='ltr'><strong>a</strong></span> <span class='ocrx_word' id='word_1_473' title='bbox 751 4441 776 4493; x_wconf 93' lang='lat' dir='ltr'><strong>d.</strong></span> <span class='ocrx_word' id='word_1_474' title='bbox 789 4439 869 4494; x_wconf 87' lang='lat' dir='ltr'><strong>VIII.</strong></span> <span class='ocrx_word' id='word_1_475' title='bbox 886 4441 948 4494; x_wconf 86' lang='lat' dir='ltr'><strong>Kal.</strong></span> <span class='ocrx_word' id='word_1_476' title='bbox 962 4440 1031 4494; x_wconf 90' lang='lat' dir='ltr'><strong>Nou.</strong></span> <span class='ocrx_word' id='word_1_477' title='bbox 1050 4457 1083 4494; x_wconf 86' lang='lat' dir='ltr'><strong>ex</strong></span> <span class='ocrx_word' id='word_1_478' title='bbox 1100 4441 1194 4493; x_wconf 82' lang='lat' dir='ltr'><strong>eadem</strong></span> <span class='ocrx_word' id='word_1_479' title='bbox 1211 4439 1257 4490; x_wconf 84' lang='lat' dir='ltr'><strong>illa</strong></span> <span class='ocrx_word' id='word_1_480' title='bbox 1274 4439 1339 4492; x_wconf 85' lang='lat' dir='ltr'><strong>nilla</strong></span> <span class='ocrx_word' id='word_1_481' title='bbox 1355 4438 1428 4492; x_wconf 86' lang='lat' dir='ltr'><strong>misit</strong></span> <span class='ocrx_word' id='word_1_482' title='bbox 1445 4438 1512 4506; x_wconf 82' lang='lat' dir='ltr'><strong>(Cic.</strong></span> <span class='ocrx_word' id='word_1_483' title='bbox 1525 4437 1542 4490; x_wconf 93' lang='lat' dir='ltr'><strong>l.</strong></span> <span class='ocrx_word' id='word_1_484' title='bbox 1554 4455 1574 4490; x_wconf 87' lang='lat' dir='ltr'><strong>s.</strong></span> <span class='ocrx_word' id='word_1_485' title='bbox 1593 4437 1644 4504; x_wconf 77' lang='lat' dir='ltr'><strong>§L</strong></span> <span class='ocrx_word' id='word_1_486' title='bbox 1662 4438 1694 4492; x_wconf 83' lang='lat' dir='ltr'><strong>ei.</strong></span> <span class='ocrx_word' id='word_1_487' title='bbox 1707 4437 1823 4492; x_wconf 81' lang='lat' dir='ltr'><strong>Abelren</strong></span> 
     </span>
     <span class='ocr_line' id='line_1_37' title="bbox 248 4521 1823 4592; baseline 0.003 -19"><span class='ocrx_word' id='word_1_488' title='bbox 248 4521 306 4574; x_wconf 85' lang='grc'><strong>10.</strong></span> <span class='ocrx_word' id='word_1_489' title='bbox 327 4538 388 4591; x_wconf 82' lang='lat' dir='ltr'><strong>pag.</strong></span> <span class='ocrx_word' id='word_1_490' title='bbox 405 4522 464 4574; x_wconf 80' lang='lat'><strong>381.</strong></span> <span class='ocrx_word' id='word_1_491' title='bbox 487 4523 596 4591; x_wconf 84' lang='lat' dir='ltr'><strong>adnot).</strong></span> <span class='ocrx_word' id='word_1_492' title='bbox 641 4524 684 4576; x_wconf 92' lang='lat' dir='ltr'><strong>Ibi</strong></span> <span class='ocrx_word' id='word_1_493' title='bbox 702 4530 773 4577; x_wconf 88' lang='lat' dir='ltr'><strong>-aute</strong></span> <span class='ocrx_word' id='word_1_494' title='bbox 799 4525 874 4578; x_wconf 91' lang='lat' dir='ltr'><strong>illum</strong></span> <span class='ocrx_word' id='word_1_495' title='bbox 900 4525 972 4577; x_wconf 90' lang='lat' dir='ltr'><strong>diem</strong></span> <span class='ocrx_word' id='word_1_496' title='bbox 995 4543 1048 4577; x_wconf 91' lang='lat' dir='ltr'><strong>non</strong></span> <span class='ocrx_word' id='word_1_497' title='bbox 1075 4526 1162 4578; x_wconf 90' lang='lat' dir='ltr'><strong>solum</strong></span> <span class='ocrx_word' id='word_1_498' title='bbox 1188 4525 1334 4576; x_wconf 85' lang='lat' dir='ltr'><strong>orationem</strong></span> <span class='ocrx_word' id='word_1_499' title='bbox 1361 4524 1430 4576; x_wconf 91' lang='lat' dir='ltr'><strong>Phil.</strong></span> <span class='ocrx_word' id='word_1_500' title='bbox 1457 4525 1514 4577; x_wconf 90' lang='lat' dir='ltr'><strong>siue</strong></span> <span class='ocrx_word' id='word_1_501' title='bbox 1541 4528 1624 4574; x_wconf 90' lang='lat' dir='ltr'><strong>totam</strong></span> <span class='ocrx_word' id='word_1_502' title='bbox 1651 4521 1706 4576; x_wconf 90' lang='lat' dir='ltr'><strong>siue</strong></span> <span class='ocrx_word' id='word_1_503' title='bbox 1734 4524 1823 4592; x_wconf 87' lang='lat' dir='ltr'><strong>aliqua</strong></span> 
     </span>
     <span class='ocr_line' id='line_1_38' title="bbox 248 4605 1821 4678; baseline 0.003 -21"><span class='ocrx_word' id='word_1_504' title='bbox 248 4605 341 4658; x_wconf 84' lang='lat' dir='ltr'><strong>saltem</strong></span> <span class='ocrx_word' id='word_1_505' title='bbox 358 4621 392 4660; x_wconf 83' lang='lat' dir='ltr'><strong>ex</strong></span> <span class='ocrx_word' id='word_1_506' title='bbox 409 4611 487 4676; x_wconf 85' lang='lat' dir='ltr'><strong>parte</strong></span> <span class='ocrx_word' id='word_1_507' title='bbox 509 4609 715 4678; x_wconf 86' lang='lat' dir='ltr'><strong>conscripserat,</strong></span> <span class='ocrx_word' id='word_1_508' title='bbox 738 4609 785 4662; x_wconf 89' lang='lat' dir='ltr'><strong>sed</strong></span> <span class='ocrx_word' id='word_1_509' title='bbox 809 4609 888 4662; x_wconf 87' lang='lat' dir='ltr'><strong>etiam</strong></span> <span class='ocrx_word' id='word_1_510' title='bbox 910 4609 938 4662; x_wconf 91' lang='lat' dir='ltr'><strong>in</strong></span> <span class='ocrx_word' id='word_1_511' title='bbox 959 4609 1082 4662; x_wconf 86' lang='lat' dir='ltr'><strong>manibus</strong></span> <span class='ocrx_word' id='word_1_512' title='bbox 1104 4609 1135 4662; x_wconf 84' lang='lat' dir='ltr'><strong>ei.</strong></span> <span class='ocrx_word' id='word_1_513' title='bbox 1152 4613 1228 4662; x_wconf 85' lang='lat' dir='ltr'><strong>erant</strong></span> <span class='ocrx_word' id='word_1_514' title='bbox 1250 4609 1311 4662; x_wconf 88' lang='lat' dir='ltr'><strong>libri</strong></span> <span class='ocrx_word' id='word_1_515' title='bbox 1333 4609 1367 4662; x_wconf 91' lang='lat' dir='ltr'><strong>de</strong></span> <span class='ocrx_word' id='word_1_516' title='bbox 1389 4608 1484 4662; x_wconf 85' lang='lat' dir='ltr'><strong>ciliciis</strong></span> <span class='ocrx_word' id='word_1_517' title='bbox 1506 4607 1558 4676; x_wconf 89' lang='lat' dir='ltr'><strong>(ep.</strong></span> <span class='ocrx_word' id='word_1_518' title='bbox 1577 4626 1597 4660; x_wconf 88' lang='lat' dir='ltr'><strong>s.</strong></span> <span class='ocrx_word' id='word_1_519' title='bbox 1615 4609 1670 4675; x_wconf 75' lang='lat' dir='ltr'><strong>§ez</strong></span> <span class='ocrx_word' id='word_1_520' title='bbox 1697 4607 1761 4673; x_wconf 87' lang='lat' dir='ltr'><strong>,Nos</strong></span> <span class='ocrx_word' id='word_1_521' title='bbox 1778 4608 1821 4662; x_wconf 89' lang='lat' dir='ltr'><strong>hic</strong></span> 
     </span>
    </p>
   </div>
   <div class='ocr_carea' id='block_1_9' title="bbox 249 4687 612 4762">
    <p class='ocr_par' dir='ltr' id='par_1_9' title="bbox 249 4687 612 4762">
     <span class='ocr_line' id='line_1_39' title="bbox 249 4687 612 4762; baseline 0.017 -21"><span class='ocrx_word' id='word_1_522' title='bbox 249 4687 444 4762; x_wconf 61' lang='grc' dir='ltr'><strong>011010φώ001</strong></span> <span class='ocrx_word' id='word_1_523' title='bbox 462 4697 492 4746; x_wconf 88' lang='grc'><strong>01</strong></span> <span class='ocrx_word' id='word_1_524' title='bbox 509 4711 536 4762; x_wconf 89' lang='lat' dir='ltr'><strong>q.</strong></span> <span class='ocrx_word' id='word_1_525' title='bbox 554 4694 612 4759; x_wconf 87' lang='lat' dir='ltr'><strong>s.).·</strong></span> 
     </span>
    </p>
   </div>
   <div class='ocr_carea' id='block_1_10' title="bbox 0 0 2050 5438">
    <p class='ocr_par' dir='ltr' id='par_1_10' title="bbox 0 0 2050 5438">
     <span class='ocr_line' id='line_1_40' title="bbox 0 0 2050 5438; baseline 0 0"><span class='ocrx_word' id='word_1_526' title='bbox 0 0 2050 5438; x_wconf 95' lang='lat' dir='ltr'><strong> </strong></span> 
     </span>
    </p>
   </div>
  </div>
 </body>
</html>
