4090 5438
751 253 1140 378 ‘mu-

190 511 254 578 bus
277 507 434 591 consequi
455 504 627 572 contendit
648 475 691 554 ζ-
712 504 753 569 0(1
776 504 918 570 eundem
939 505 1105 572 Plancum
1128 503 1286 572 scribens
1298 505 1335 570 in
1355 527 1406 588 ep.
1421 503 1472 592 20.
1494 501 1566 578 031
1588 502 1675 581 ,Mea
1697 501 1768 585 qui-
1815 579 1818 586 ἱ

192 628 286 706 dem,'
308 627 416 710 inquit
437 634 485 704 ,ut
507 599 554 690 ad
570 632 604 690 10
627 625 759 708 saepius
782 623 909 708 scripsi,
932 625 1013 690 haec
1036 605 1203 690 sententia
1225 630 1290 690 est:
1314 624 1371 706 qui
1391 621 1549 706 reliquias
1568 621 1668 686 huius
1690 619 1770 686 belli

195 747 411 834 oppresserit,
440 767 517 812 eum
543 743 654 810 totius
669 743 750 810 belli
777 744 998 811 confectorem
1021 744 1108 810 fore'.
1154 742 1252 825 Quod
1280 742 1309 808 si
1335 742 1503 808 uicesima.
1516 741 1659 826 epistula
1679 739 1772 824 prior
1889 820 1890 828 ἵ

194 869 325 948 1010001,
353 865 519 954 posterior
540 863 801 942 undeuicesima,
828 865 864 929 in
886 865 948 930 hae
971 861 1164 932 addidisset:
1191 901 1233 912 —-
1261 883 1344 946 quae
1371 863 1482 928 nescio
1510 884 1553 928 an
1579 860 1771 946 excusantis

194 989 428 1072 potiusquam
455 983 664 1050 admonentis
692 984 828 1048 sint-
855 990 903 1061 ,ut
929 983 971 1048 ad
991 991 1026 1056 te
1054 983 1186 1067 saepius
1214 981 1355 1066 seripsi’;
1388 1003 1495 1066 neque
1523 982 1655 1066 saepius
1682 979 1771 1046 idem

195 1107 330 1192 scripsit
357 1105 414 1189 qui
441 1104 545 1170 semel
571 1079 713 1187 00110011.
756 1102 874 1186 Itaque
903 1125 952 1186 ep.
979 1076 1226 1168 undetricesima
1253 1110 1330 1168 ente
1358 1103 1553 1168 uicesimum
1580 1103 1683 1168 missa
1710 1095 1769 1178 est,

194 1227 230 1300 in
247 1221 313 1309 qua
328 1232 478 1290 extrema
494 1221 609 1290 Cicero
631 1224 703 1307 ipse
719 1219 807 1288 diem
829 1223 984 1310 ascripsit
1006 1223 1063 1305 qui
1085 1227 1136 1288 est
1159 1243 1187 1287 a.
1202 1220 1231 1287 d.
1246 1219 1327 1288 IIIL
1343 1221 1514 1288 Kalendas
1529 1222 1652 1287 Iunias.
1686 1220 1771 1286 Oum

194 1363 276 1410 uero
298 1343 443 1408 Plausus
466 1363 516 1426 00.
538 1341 748 1407 undecimam
776 1349 811 1407 et
833 1343 982 1426 quintam
1005 1342 1168 1408 decimam
1194 1378 1235 1390 -
1264 1341 1408 1425 adquae
1432 1341 1628 1408 Ciceronem
1656 1340 1771 1425 0019.

196 1463 405 1548 respondisse
427 1484 495 1529 non
517 1467 586 1526 tam
602 1461 1263 1544 (1010000100οἱ000011010000110101001
1281 1482 1336 1526 me
1359 1479 1432 1528 0000
1448 1461 1618 1546 pollicitus
1641 1482 1716 1526 sum
1730 1496 1772 1508 -

199 1605 226 1648 0.
247 1583 276 1649 (1.
291 1583 332 1648 V.
354 1581 402 1648 Id.
424 1582 533 1648 Maius
555 1582 693 1660 miserit,
717 1588 755 1648 ut
777 1603 804 1647 a.
827 1581 856 1648 (1.
872 1582 948 1648 VII.
973 1582 1042 1648 fere
1064 1581 1140 1647 Kal.
1162 1580 1244 1659 Iun,
1269 1583 1298 1646 01
1320 1583 1436 1665 quinto
1460 1580 1587 1646 decimo
1609 1580 1671 1658 die,
1699 1561 1785 1646 red-¹

196 1703 353 1768 darentur
375 1702 541 1779 Oioeroni,
568 1701 851 1768 undeuicesimam
874 1722 923 1786 op.
946 1699 1083 1786 adparet
1105 1701 1215 1766 datam
1243 1722 1317 1766 0000
1345 1708 1403 1766 001
1430 1723 1457 1766 a.
1479 1701 1508 1766 (1.
1531 1699 1609 1766 VII.
1633 1699 1786 1766 001111·

194 1831 253 1889 ant
267 1824 309 1888 V.
331 1821 409 1887 Kal
430 1821 503 1886 Iun.
548 1822 621 1886 Iam
642 1821 854 1888 recordemur
876 1817 960 1886 illud
984 1827 1033 1900 ‚ut
1059 1821 1101 1886 ad
1122 1828 1156 1886 te
1185 1819 1317 1904 saepius
1346 1819 1482 1904 seripsi',
1511 1819 1630 1903 quibus
1658 1841 1707 1904 ep.
1723 1817 1773 1884 20.

193 1941 308 2008 uerbis
332 1941 380 2005 19.
404 1962 453 2025 00.
475 1940 657 2026 significari
679 1941 833 2019 uidimus,
857 1903 1086 2024 ultionemque
1112 1939 1293 2006 habeamus
1314 1940 1416 2024 primi
1438 1937 1588 2004 eiusdem
1610 1939 1773 2023 epistulae

197 2059 331 2144 capitis,
354 2059 440 2143 quod
462 2059 523 2126 hoc
546 2067 611 2126 est:
643 2058 709 2138 ,Ita
730 2068 825 2126 erant
847 2047 960 2126 emnia
981 2081 1065 2144 quae
1086 2060 1187 2125 istinc
1209 2057 1444 2124 adferebantur
1465 2059 1607 2137 incerta,
1635 2065 1673 2124 ut
1695 2058 1774 2142 quid

199 2178 241 2244 ad
267 2187 300 2244 10
327 2179 506 2244 scriberem
534 2201 602 2245 non
630 2187 826 2246 occurreret
881 2178 981 2246 Modo
1014 2180 1104 2245 enim
1131 2199 1215 2263 quae
1242 2179 1405 2244 001100100
1433 2177 1474 2264 (10
1500 2177 1643 2262 Lepido,
1676 2178 1774 2244 modo

201 2303 315 2365 contra
346 2299 594 2364 nuntiabantur.
637 2299 692 2364 De
725 2305 759 2364 te
790 2307 905 2364 tamen
932 2299 1020 2364 10010
1052 2297 1216 2364 constans’
1245 2304 1279 2362 et
1305 2319 1334 2381 q.
1357 2319 1381 2362 0.
1426 2297 1556 2379 Quibus
1589 2317 1632 2362 ex
1662 2297 1774 2366 uerbis

198 2417 280 2483 duas
302 2438 356 2483 100
379 2417 623 2502 cognoscimus:
646 2423 680 2482 et
700 2417 894 2484 uicesimum
917 2417 1095 2502 epistulam
1116 2439 1186 2483 non
1207 2418 1348 2483 eundem
1370 2415 1412 2482 ad
1427 2415 1593 2482 Plancum
1614 2416 1774 2484 detulisse

120 2565 123 2572 ·
147 2515 149 2520 ¹
198 2539 256 2620 qui
277 2536 423 2602 deferret
444 2536 740 2614 undeuicesimum,
769 2543 803 2603 et
825 2538 965 2603 alteram
987 2537 1112 2622 aliquot
1134 2536 1249 2602 diebus
1276 2543 1355 2620 post
1382 2536 1588 2621 superiorem
1616 2538 1775 2622 scriptam

200 2676 288 2732 0000,
316 2655 435 2738 quibus
457 2653 572 2723 diebus
593 2657 680 2722 uarii
701 2655 752 2722 illi
774 2663 873 2740 atque
895 2657 1053 2722 contrarii
1078 2676 1229 2724 rumores
1255 2656 1430 2739 nuntiique
1453 2656 1493 2722 de
1515 2656 1644 2740 Lepido
1672 2656 1776 2722 adlati
1866 2711 1870 2723 ,

17 2783 19 2791 “
144 2815 153 2838 2
201 2773 355 2840 eGallia
380 2774 523 2840 Romam
553 2776 746 2855 ueniebant,
781 2775 821 2841 (10
848 2777 975 2843 Planco
993 2779 1091 2842 ¹fama
1117 2779 1274 2842 constans
1301 2775 1369 2840 nisi
1396 2781 1480 2853 erat,
1514 2781 1626 2842 tamen
1655 2775 1776 2842 dieitur

198 2895 311 2960 fuisse.
355 2895 450 2977 Quae
472 2917 548 2984 cum
569 2896 618 2960 ita
640 2897 708 2961 sint
729 2895 1069 2962 undeuicesimam
1090 2895 1208 2962 huius
1230 2895 1327 2961 libri
1354 2895 1571 2979 epistulam
1597 2915 1724 2978 neque
1747 2919 1775 2961 a.
1799 2972 1801 2981 .

198 3013 228 3078 d.
244 3015 284 3080 V.
306 3013 393 3079 Kal.
415 3015 498 3080 Iun.
520 3036 647 3098 neque
674 3023 766 3099 post
793 3037 879 3080 eum
906 3015 1010 3080 diem
1037 3015 1230 3098 scriptam
1257 3036 1359 3092 esse,
1388 3012 1665 3081 001-011111.
1692 3017 1775 3083 fere

199 3131 389 3198 1101100.
411 3133 586 3204 adfirmare
607 3135 694 3200 licet.
739 3134 814 3217 Quo
838 3134 1182 3210 cumdieeonueuit,
1209 3134 1408 3212 0101101101,
1436 3135 1531 3200 uerbi
1557 3117 1774 3218 tempusque
1822 3115 1824 3127 ⁴

201 3249 317 3316 Oieero
338 3273 421 3318 0000
444 3259 585 3320 0010001
600 3253 761 3319 scriberet
781 3256 817 3319 in
839 3275 889 3338 ep.
906 3253 955 3318 19.
978 3261 996 3334 ᾖ
1012 3254 1040 3318 1.
1063 3253 1158 3318 haec:
1181 3253 1795 3338 ,11111010010000111011111101010100Α
1856 3265 1858 3270 ’

200 3377 281 3434 0001
302 3372 440 3437 senatui
446 3393 455 3452 3
477 3372 565 3438 unde
579 3375 721 3438 10110000
745 3373 892 3456 conligas
908 3371 1190 3438 undeuicesimam
1213 3372 1392 3458 epistulam
1415 3373 1523 3438 eidem
1543 3373 1775 3458 perferendam

200 3511 273 3556 0000
295 3489 407 3556 (101001
429 3492 486 3574 qui
507 3491 625 3558 Planci
647 3513 696 3577 ep.
714 3494 763 3557 11.
786 3499 821 3556 et
843 3494 892 3557 15.
914 3491 1057 3557 Romam
1080 3489 1256 3558 attulisset
1294 3490 1393 3573 Quod
1414 3493 1538 3559 factum
1561 3513 1634 3560 0000
1656 3514 1717 3577 001
1740 3515 1776 3558 00

199 3611 272 3675 0011
295 3609 502 3675 simillimum
524 3619 584 3679 001.
607 3619 842 3696 argumentum
863 3611 940 3677 inde
964 3611 1084 3678 ducere
1105 3610 1278 3677 noluerim

302 3729 402 3812 Quod
423 3731 671 3796 undeuicesima
692 3731 837 3816 epistula
858 3731 986 3814 aliquot
1008 3731 1124 3797 diebus
1147 3738 1224 3796 ante
1246 3731 1440 3797 uicesimum
1462 3732 1565 3798 missa
1586 3741 1652 3813 est,
1680 3755 1719 3798 00
1740 3754 1776 3799 10

203 3853 439 3917 confirmantur
453 3871 537 3935 quae
560 3872 661 3936 supra
682 3851 722 3918 de
745 3830 885 3934 quinta
906 3851 1060 3918 decima
1081 3852 1179 3917 huius
1194 3849 1273 3915 libri
1295 3851 1438 3934 00101010
1460 3853 1647 3918 statuimus.
1681 3851 1775 3934 Quae

195 3968 367 4038 010000.
390 3970 420 4037 d.
434 3965 477 4054 V.
499 3969 580 4036 Idue
601 3969 702 4036 Maiis
725 3969 801 4034 data
823 3977 925 4050 esset,
954 3971 1013 4037 sed
1034 3972 1090 4036 uel
1111 3970 1218 4055 pridie
1240 3968 1321 4037 Idus
1342 3971 1398 4035 001
1424 3972 1526 4036 etiam
1546 3973 1630 4059 ipsis
1651 3971 1775 4050 Idibus,

201 4087 358 4178 Romam,
385 4091 415 4158 01
441 4091 556 4174 quinto
582 4089 710 4156 decimo
738 4088 805 4167 die,
833 4091 983 4156 uenisset
1010 4113 1037 4156 a
1060 4090 1090 4157 d.
1112 4089 1193 4155 ΙΠΙ.
1215 4089 1292 4156 Kal.
1314 4089 1402 4168 Iun,
1429 4091 1570 4174 quodie
1595 4093 1699 4158 missa
1724 4101 1777 4158 est

201 4205 348 4292 epistula
372 4209 537 4276 uicesima.
582 4209 681 4292 Quod
708 4210 737 4274 si
763 4209 889 4275 factum
916 4219 1004 4276 00001
1032 4209 1148 4275 (110010
1177 4208 1402 4293 compluribus
1429 4209 1546 4277 diebus
1574 4221 1652 4277 ante
1678 4233 1776 4295 quam

200 4325 276 4390 illas
299 4301 419 4392 Planci
440 4327 568 4394 litteras
591 4329 773 4414 accepisset
795 4328 837 4394 ad
858 4351 915 4396 000
937 4327 1174 4416 rescripsisset

301 4446 356 4511 De
383 4445 527 4530 epistula
554 4447 871 4514 duobtuicesima
902 4469 1010 4533 neque
1038 4446 1182 4514 Schuetz
1214 4468 1322 4544 neque
1350 4449 1390 4515 de
1414 4449 1551 4516 ‘Gruber
1576 4457 1667 4516 recte
1693 4451 1777 4517 mihi

204 4561 334 4628 uidetur
357 4567 522 4634 statuisse.
557 4565 710 4648 Quorum
729 4568 825 4634 illum
841 4568 920 4651 quid
941 4567 1076 4634 tandem
1098 4566 1283 4646 adduxerit,
1305 4548 1344 4634 ut
1366 4589 1439 4634 0001
1461 4570 1640 4668 epistulam
1661 4593 1776 4638 mense

203 4679 293 4748 Maio
309 4682 418 4752 datam
441 4708 515 4753 0000
528 4693 671 4772 putaret,
693 4689 793 4772 plane
815 4709 884 4752 non
898 4687 1065 4772 perspicio
1088 4687 1322 4770 adsentiorque
1345 4689 1451 4768 alteri,
1475 4691 1532 4774 qui
1545 4691 1567 4756 l.
1583 4712 1607 4757 0.
1622 4711 1695 4775 pag.
1711 4691 1775 4755 301

1539 4813 1556 4864 3
