4090 5438
884 235 888 260 l

274 547 323 612 ep.
346 527 418 602 §ia
450 526 656 604 ,Laterensis
671 574 680 591 .
748 529 830 622 (mc)
850 548 954 611 prope
976 527 1148 611 inplorans
1171 527 1407 607 obtestaretur,
1434 551 1503 596 non
1525 530 1628 598 ullam
1653 550 1725 596 rem
1747 533 1847 598 aliam

275 647 496 712 extimescens
519 669 617 731 quam
633 695 640 712 .
655 696 686 714 ..
708 645 939 712 infidelitatem
963 649 1128 714 exercitus
1151 648 1240 714 aius'.
1272 649 1438 715 Plancum
1459 651 1562 735 igitur
1577 645 1736 736 'quartam
1758 633 1846 718 deoi-

273 787 362 832 marn
379 765 549 833 Ciceronis
572 766 751 850 epistulam
772 767 1005 832 artemisiam
1020 767 1181 833 decimam
1203 769 1369 854 accepisse
1383 776 1460 854 post
1475 791 1575 853 quam
1595 772 1668 856 ipse
1689 793 1791 838 unam
1813 779 1847 838 et

273 887 466 954 uicesimam
488 885 617 952 dederit
636 894 677 951 ut
697 870 870 972 procerte
892 886 1073 955 adfirmare
1089 888 1266 967 noluerim,
1294 888 1342 953 iba
1363 886 1506 954 dixerim
1534 911 1607 957 esse
1631 892 1846 960 uerisimile.

340 1035 354 1045 ¹¹
374 1006 468 1072 Haec
489 1005 641 1090 pluribus
662 1005 775 1072 uerbis
798 1003 995 1092 exponenda
1015 1007 1088 1074 'uisa
1110 1015 1197 1085 sunt,
1220 1006 1416 1075 derrclicuis
1439 1010 1592 1094 epistulis
1613 1017 1720 1096 panta
1740 1012 1845 1078 habeo

274 1136 369 1209 quae'
380 1125 506 1192 addam.
539 1125 906 1204 Duoetuicesimam
921 1127 1010 1192 enim
1025 1128 1240 1212 epistulam
1253 1129 1454 1213 respondere
1467 1130 1607 1214 adparet
1621 1139 1655 1197 et
1668 1131 1845 1216 publicis

272 1245 414 1311 Planci
434 1252 475 1311 et
496 1245 613 1311 Bruti
634 1245 805 1324 litteris,
828 1247 948 1330 quibus
971 1253 1005 1312 et
1026 1255 1180 1313 senatum
1202 1254 1376 1314 et'cun'cta
1397 1250 1567 1315 ciuitatem
1583 1251 1751 1316 declarata
1771 1251 1845 1318 illo-

272 1365 536 1432 rumaoncordia
550 1366 690 1431 mirifice
705 1365 903 1432 delectatam
917 1387 991 1432 csse
1007 1349 1123 1434 Cicero
1139 1367 1293 1434 adfirmat
1312 1371 1343 1449 (ς
1361 1368 1411 1451 11),
1436 1361 1470 1435 et
1483 1370 1630 1436 Planci
1644 1370 1845 1455 epistulae

272 1485 313 1550 de
335 1507 370 1550 re
393 1485 523 1569 agraria
544 1485 591 1550 ad
614 1485 848 1552 Ciceronem
871 1487 1048 1570 scriptae
1071 1491 1103 1569 (ᾖ
1118 1487 1171 1572 2.),
1194 1491 1278 1571 quae
1302 1488 1343 1554 ad
1357 1496 1506 1554 nostram
1529 1496 1672 1556 aetatem
1685 1513 1755 1556 non
1769 1513 1844 1576 per·

272 1605 373 1670 uenit.
417 1606 471 1671 De
492 1611 632 1690 utraque
656 1606 800 1690 epistula
822 1627 923 1690 supra
944 1607 1097 1674 diximus.
1127 1643 1129 1650 ·

373 1725 467 1792 Haec
487 1724 591 1809 igitur
612 1725 662 1790 22.
684 1747 739 1809 cpi
759 1725 885 1792 duabus
912 1727 1105 1812 respondet,
1135 1727 1324 1793 uicesima
1350 1701 1475 1794 tertia
1501 1728 1624 1794 nulli*
1654 1729 1751 1796 Misit
1772 1751 1845 1798 eam

273 1845 451 1930 epistulam
466 1845 620 1923 Plancus,
643 1851 682 1910 ut
697 1844 892 1912 Ciceronem
907 1846 947 1912 de
962 1846 1062 1913 rebus
1077 1848 1180 1932 gestis
1204 1848 1415 1931 consiliisque
1438 1849 1698 1916 suis'certiorem
1711 1851 1844 1918 faceret.

271 1965 458 2049 Acceperat
479 1965 612 2048 quidem
634 1987 677 2030 ex
691 1987 718 2030 a
733 1965 763 2030 d
778 1965 821 2031 X.
837 1965 911 2032 Kal.
926 1966 1008 2046 Irin,
1032 1988 1096 2050 quo
1112 1966 1164 2032 dis
1181 1987 1230 2052 ep.
1245 1966 1295 2032 al.
1316 1966 1459 2046 dederat,
1481 1989 1586 2052 usque
1609 1969 1650 2034 ad
1665 1991 1692 2034 a.
1708 1968 1737 2034 d.
1749 1969 1845 2036 VIII.

271 2085 319 2150 Id.
341 2079 423 2162 Iun,
447 2105 511 2168 quo
533 2085 642 2168 ipsam
662 2085 857 2151 tricesimam
878 2087 1013 2150 tertiam
1035 2087 1177 2170 scripsit,
1201 2087 1281 2153 duas
1304 2087 1464 2172 epistulas
1488 2088 1669 2167 Tullianae,
1692 2097 1845 2172 quartam

182 2197 185 2208 ⁵
271 2204 433 2270 decimam
455 2205 527 2270 dico
550 2213 584 2270 et
606 2205 740 2271 tertiam
761 2204 936 2286 decimam3
965 2227 1072 2290 neque
1093 2228 1173 2273 uero
1194 2209 1232 2272 in
1254 2208 1302 2273 eis
1323 2214 1404 2286 erat,
1432 2207 1473 2272 ad
1495 2207 1582 2292 quod
1603 2209 1802 2276 rescriberet
1812 2215 1844 2295 ¹).

348 2373 351 2380 .
372 2323 460 2390 Item
475 2345 550 2390 cum
564 2325 721 2390 mitteret
736 2325 968 2392 uicesimam
990 2333 1170 2410 quartem
1192 2328 1371 2412 epistulam
1385 2327 1420 2392 id
1434 2349 1537 2408 unum
1551 2329 1698 2395 Plancus
1712 2329 1845 2402 uidetur

272 2465 407 2528 operam
429 2443 568 2524 dedisse,
590 2452 628 2510 ut
650 2465 709 2510 cur
730 2445 831 2514 etiarn
852 2451 925 2512 turn
947 2447 988 2512 ad
1002 2448 1131 2512 Isaram
1151 2449 1277 2514 flumen
1300 2469 1374 2513 cum
1389 2448 1432 2512 D.
1447 2447 1554 2514 Bruto
1577 2456 1686 2514 castra
1707 2449 1844 2517 haberet

271 2585 380 2647 neque
401 2561 637 2648 adgrederetur
658 2564 851 2630 coniunctas
866 2566 995 2632 Antoni
1010 2573 1044 2632 ct
1057 2566 1186 2655 Lepidi
1199 2569 1311 2652 copias
1335 2567 1532 2634 ostenderet.
1566 2569 1718 2654 Respicit
1731 2577 1843 2636 tamen

270 2684 307 2748 in
335 2680 506 2748 scribendo
535 2689 569 2749 et
595 2683 890 2750 duootuicesimarn
917 2685 1087 2753 Ciceronis
1100 2687 1292 2787 'epistulam
1325 2695 1359 2753 et
1390 2709 1464 2754 eam
1491 2709 1589 2772 quam
1621 2690 1734 2774 paullo
1766 2697 1843 2757 ante

272 2809 445 2887 acceperat
467 2810 597 2868 sextam
619 2804 803 2870 decimam«
833 2807 889 2872 De
914 2806 973 2872 illa
995 2807 1083 2873 enim
1106 2807 1386 2892 supradiximus,
1414 2808 1472 2873 ubi
1493 2830 1558 2892 quo
1581 2809 1635 2875 die
1657 2810 1739 2876 data
1755 2818 1845 2876 esset

272 2923 459 2990 studuimus
486 2924 703 3010 inuestigare3
739 2925 826 3009 quod
847 2933 958 2992 autem
979 2923 1094 2992 laudat
1116 2928 1166 3008 (in
1189 2928 1216 2992 1.
1238 2932 1337 3013 part.)
1361 2928 1510 3014 singulas
1532 2951 1600 3007 res,
1628 2951 1709 3013 quas
1731 2930 1843 3014 paullo

246 3023 359 3128 ,infra
380 3043 501 3137 merita
522 3044 669 3129 appellat
691 3052 724 3110 et
739 3045 909 3124 beneficia,
932 3068 972 3112 ea
994 3047 1074 3112 dicit
1090 3047 1260 3114 Ciceronis
1283 3048 1401 3127 officia,
1424 3069 1507 3132 quae
1529 3049 1586 3115 illa
1609 3071 1645 3115 se
1666 3050 1704 3114 in
1726 3059 1845 3117 senatu

272 3165 302 3230 ci
324 3165 531 3249 praestitisse
549 3147 733 3249 scripserat
756 3167 877 3251 (inep.
892 3166 941 3232 16.
964 3168 1050 3254 dl).
1090 3165 1157 3234 Sed
1178 3167 1350 3233 uideamus
1373 3168 1491 3252 quibus
1512 3169 1624 3235 uerbis
1638 3170 1786 3236 Plancus
1808 3171 1845 3235 in

271 3284 408 3369 agendis
430 3284 545 3370 gratiis
568 3266 700 3350 utaturs
722 3285 857 3364 ‚Facere
872 3308 941 3352 non
955 3288 1100 3373 possum'
1122 3288 1231 3372 inquit
1253 3289 1344 3371 ,quin
1365 3289 1400 3352 in
1421 3290 1569 3373 singulas
1591 3311 1645 3355 res
1660 3291 1844 3374 meritaque

271 3410 329 3469 tua
350 3403 411 3470 tibi
433 3404 557 3488 gratias
581 3425 685 3488 agam.
724 3403 793 3496 Sed
813 3407 1020 3472 mehercules
1042 3407 1126 3472 facio
1149 3429 1224 3472 curn
1245 3407 1379 3492 pudore.
1415 3407 1533 3492 Neque
1558 3411 1648 3475 enim
1669 3417 1765 3475 tanta
1785 3433 1843 3476 ne-

272 3524 446 3601 cessitudo,
469 3531 628 3608 quantam
643 3531 680 3591 tu
694 3526 778 3591 mihi
792 3532 901 3593 tecum
925 3547 998 3593 esse
1020 3527 1165 3606 uoluisti,
1188 3528 1375 3594 desiderare
1396 3529 1530 3594 uidetur
1545 3531 1726 3614 gratiarum
1742 3533 1844 3597 actio-

228 3632 231 3642 ’
272 3665 362 3721 nem,
389 3665 497 3728 neque
524 3663 585 3729 ego
607 3644 762 3711 lubenter
783 3668 845 3731 pro
870 3647 1026 3713 maximis
1051 3650 1120 3714 tuis
1143 3647 1312 3714 beneficiis
1339 3655 1408 3713 tam
1434 3650 1496 3715 uili
1521 3671 1660 3716 munere
1682 3651 1844 3736 defimgor

273 3764 463 3834 orationis’„
491 3764 584 3844 Haec
606 3770 645 3829 ut
666 3765 825 3832 scriberet
846 3767 1010 3832 Plancum
1038 3790 1077 3834 aa
1102 3789 1156 3834 res
1183 3741 1325 3833 uidetur
1341 3768 1532 3848 adduxisse,
1561 3769 1648 3855 quod
1671 3770 1786 3838 Cicero
1807 3773 1844 3836 in

272 3883 571 3952 undeuicesima
584 3885 683 3951 huius
698 3885 775 3952 libri
795 3887 940 3972 epistula
955 3909 991 3953 se
1005 3889 1187 3972 gratiarum
1203 3889 1366 3954 actionem
1382 3890 1542 3956 aPlanco
1557 3912 1625 3956 non
1640 3891 1844 3957 desiderasse

272 4004 515 4083 adfirmaucrat,
538 4024 612 4071 oum
635 4027 712 4072 cum
733 4010 770 4072 r'e
791 4008 865 4092 ipsa
887 4013 986 4092 atque
1008 4008 1117 4074 animo
1142 4009 1243 4074 sciret
1265 4030 1339 4075 esse
1360 4011 1596 4094 gratissimum.
1628 4011 1744 4094 Neque
1764 4031 1844 4078 uero

272 4125 429 4190 ducemus
452 4147 495 4190 ex
517 4147 556 4190 ea
577 4147 613 4192 re
636 4134 878 4212 argumentum,
902 4149 966 4212 quo
987 4127 1165 4213 probemus
1187 4129 1351 4194 Plancum
1373 4131 1531 4224 amissam
1551 4130 1645 4194 illam
1667 4131 1844 4215 epistulam

271 4251 370 4310 antea
384 4243 522 4324 dedisse,
543 4266 642 4330 quam
657 4247 936 4316 undeucesimam
953 4247 1329 4332 Ciceronis-accepisset.
1363 4247 1473 4328 Quam
1487 4249 1652 4334 perditam
1667 4252 1845 4335 epistulam

271 4365 549 4432 Plancuseodem
563 4367 639 4433 fere
648 4373 798 4452 tempore
814 4367 964 4452 scripsit,
979 4388 1043 4451 quo
1059 4368 1090 4434 ei
1104 4366 1252 4433 redditae
1268 4375 1348 4434 sunt
1361 4368 1610 4438 undeuicesima
1624 4378 1659 4436 et
1671 4372 1843 4450 uicesima;

373 4574 400 4644 1)
418 4575 511 4644 Neque
533 4591 583 4655 epo
601 4575 730 4630 Plancum
752 4592 793 4645 ep.
805 4576 846 4644 23.
865 4576 915 4642 §a
938 4575 1027 4628 uerb'is
1050 4575 1133 4644 (flu.
1147 4614 1172 4628 ..
1192 4576 1264 4644 quod
1276 4577 1372 4635 ,adhuc
1393 4577 1493 4644 fecisti,
1520 4579 1592 4632 idem
1609 4581 1729 4652 praesta,
1756 4581 1843 4634 ut...

271 4675 320 4712 nos
334 4697 339 4711 .
353 4698 378 4712 ..
397 4657 557 4728 subornas’)
575 4662 615 4714 13.
635 4659 773 4714 Ciceronis
797 4677 838 4730 ep.
861 4661 1032 4746 respondisse
1054 4677 1112 4714 eam
1135 4662 1170 4714 ob
1194 4678 1317 4740 caussam
1338 4664 1485 4730 statuerim,
1514 4663 1585 4731 quod
1608 4662 1702 4717 eodem
1720 4661 1775 4716 sere
1797 4679 1843 4716 uo-

271 4745 367 4798 cabulo
385 4761 450 4800 usus
468 4745 561 4799 Cicero
579 4763 607 4800 se
625 4747 691 4800 nihil
708 4746 735 4799 in
753 4747 852 4800 Planco
870 4747 989 4802 ornando
1008 4747 1218 4816 praetermisisse
1234 4746 1351 4800 dixerat>
