4090 5438
847 273 1170 346 *13*-

220 499 299 550 eum
322 486 411 546 certe
433 479 520 542 diem
543 479 667 542 factum
690 485 780 544 essct
801 480 858 562 qui
880 483 952 542 erat
973 500 1000 542 a.
1010 477 1045 568 d.
1061 477 1142 543 IIII.
1159 477 1235 542 Kal.
1251 475 1358 542 Maias
1382 473 1536 557 (Abelreu
1558 472 1620 538 is.
1636 491 1709 556 pag.
1724 433 1796 580 416.
1912 509 1914 518 .
2018 493 2019 502 ¹

223 603 331 669 adnot.
353 601 380 666 d.
409 605 467 664 aut
489 621 515 663 a.
539 597 567 662 d.
584 597 661 663 VII.
684 597 760 664 Kal.
782 599 946 682 proelium
974 598 1058 664 dicit
1079 598 1183 664 inisse
1210 603 1268 664 aut
1295 599 1420 678 antea),
1448 593 1523 658 fieri
1548 591 1670 676 potuit,
1698 598 1736 656 ut
1757 593 1795 656 Ir.

222 722 389 790 Antonius
412 741 432 784 a
454 719 556 784 fratrc
579 718 783 801 praemissus
812 739 886 784 cum
909 719 1032 810 primis
1054 719 1157 802 copiis
1182 717 1317 782 circiter
1338 715 1452 780 Nonas
1474 713 1581 778 Maias
1608 711 1650 778 ad
1670 691 1796 778 ¹Forum
1874 763 1876 768 .

220 841 286 908 Iuli
307 840 510 926 perueniret,
531 837 679 904 Plancus
702 839 831 922 equites
853 839 884 903 ci
906 837 1038 904 obuiam
1062 837 1210 902 mitteret
1232 859 1259 902 a.
1275 837 1304 902 d.
1319 836 1361 900 V.
1376 835 1456 902 Idus
1471 833 1585 898 Maias.
1606 871 1647 880 -
1670 833 1723 896 Do
1746 833 1795 896 11.

221 934 260 1028 et¹
270 963 318 1026 15.
342 958 496 1043 epistulis
519 977 602 1041 quae
624 957 776 1041 pluribus
797 957 909 1022 uerbis
932 957 1155 1041 exposuimus,
1178 957 1226 1022 eis
1247 957 1328 1022 duas
1350 977 1414 1033 res,
1437 960 1475 1020 ut
1497 975 1602 1038 spero,
1625 952 1792 1018 consecut'

221 1087 345 1148 sumus.
381 1077 532 1162 Adparet
554 1077 652 1154 e'nim,
675 1077 741 1142 nisi
763 1099 816 1142 me
839 1055 934 1153 fallit,
956 1073 995 1140 in
1008 1078 1126 1143 Planci
1149 1078 1264 1161 epist.
1286 1071 1365 1140 LX.
1382 1075 1436 1140 15.
1459 1075 1517 1149 53.
1541 1053 1795 1139 scribendum

221 1221 310 1266 esse
338 1205 406 1264 aut
432 1220 473 1275 ,a
496 1197 525 1262 d.
541 1197 627 1296 Ι1111.
649 1195 744 1262 Idus
766 1197 892 1262 Maias
914 1197 1087 1262 traduni'
1116 1204 1183 1262 aut
1208 1217 1251 1274 ,a
1274 1197 1303 1262 d.
1319 1195 1429 1264 VIII.
1451 1195 1504 1260 Id.
1525 1195 1595 1274 M.';
1623 1204 1796 1278 praeterea

222 1318 612 1404 quintamdecimam
635 1317 852 1401 epistulam
879 1317 1107 1402 intellegimus
1129 1316 1262 1382 datam
1288 1337 1375 1382 esse
1398 1315 1502 1388 altero
1525 1314 1578 1378 die
1601 1313 1656 1398 qui
1679 1313 1715 1378 in
1736 1312 1796 1376 illa

224 1441 316 1523 epist
338 1439 502 1522 particula
524 1445 577 1504 est
599 1459 626 1502 a.
649 1437 678 1502 d.
695 1437 736 1502 V.
757 1436 851 1504 Idus
873 1438 1009 1503 Maias.
1054 1436 1153 1519 Quod
1179 1438 1227 1502 ita
1253 1457 1327 1502 esse
1350 1436 1432 1504 aliis
1447 1432 1654 1520 argumentis
1677 1431 1795 1498 adlatis

222 1559 433 1646 probabimus
455 1558 512 1623 ubi
535 1557 576 1624 dc
598 1557 847 1624 undeuicesima
868 1557 967 1623 huius
989 1558 1067 1624 libri
1088 1556 1233 1641 epistula
1254 1556 1445 1622 dixerimus.

320 1679 393 1744 Iam
416 1678 456 1744 ad
479 1677 686 1744 undecimam
709 1678 887 1762 epistulam
913 1679 1095 1744 redeamus.
1139 1677 1237 1743 Hauc
1265 1698 1341 1742 cum
1368 1675 1539 1760 scripserit
1560 1675 1599 1740 L.
1622 1672 1795 1738 Munatius

218 1800 313 1882 prius
329 1819 429 1881 quam
444 1819 527 1880 quae
542 1797 690 1882 Lepidus
706 1797 934 1881 respondisset
949 1803 1173 1881 cognosceret,
1196 1796 1346 1879 quintam
1361 1795 1523 1862 decimam
1537 1803 1649 1859 autem
1670 1793 1795 1876 epistu-

218 1919 287 1983 lam
309 1923 427 2000 quarto
448 1919 517 1982 fere
540 1917 600 1994 die,
623 1924 662 1982 ut
684 1939 785 2001 supra
807 1917 1118 1996 demonstrauimus,
1141 1923 1218 2000 post
1240 1937 1339 2000 quarn
1361 1915 1467 1982 relata
1489 1921 1567 1978 sunt
1588 1913 1679 1986 illius
1701 1934 1795 1978 man-

219 2037 306 2114 data,
335 2039 483 2121 sequitur
505 2043 543 2102 ut
566 2038 689 2120 scripta
712 2037 757 2102 sit
778 2037 952 2102 uudeeima
978 2037 1202 2121 autquinque
1230 2043 1288 2102 aut
1309 2036 1385 2119 plus
1407 2035 1552 2118 quinque
1575 2033 1691 2100 diebus
1718 2041 1796 2098 aute

221 2158 367 2242 quintam
392 2156 555 2222 decimam
581 2165 639 2222 aut
660 2156 766 2242 pridie
794 2163 852 2223 aut
878 2179 904 2223 a.
927 2157 957 2224 d.
979 2113 1265 2223 1110N0nas'aut
1291 2161 1403 2234 antea,
1429 2160 1468 2220 ut
1493 2155 1530 2219 in
1551 2155 1639 2220 huno
1661 2153 1796 2221 modum

220 2277 325 2344 altera
351 2297 500 2362 quaeque
528 2299 581 2344 res
608 2277 748 2342 alteram
776 2269 957 2362 exceperit:
991 2278 1168 2362 epistulam
1194 2277 1405 2344 undecimam
1432 2275 1579 2340 Plancus
1606 2282 1664 2340 aut
1678 2272 1796 2358 pridie
1857 2371 1864 2382 ἢ
1894 2241 1896 2247 A

218 2398 332 2464 Nonas
356 2397 427 2484 (uel
441 2418 469 2464 a.
485 2397 514 2462 d.
529 2397 591 2462 III.
608 2397 736 2480 Nonas)
760 2398 868 2464 Maias
891 2399 1025 2482 scripsit
1046 2404 1105 2464 aut
1125 2397 1240 2484 paucis
1262 2393 1379 2462 diebus
1402 2403 1479 2461 ante
1504 2373 1610 2478 (misit
1631 2385 1698 2460 uua
1720 2416 1794 2460 cum

219 2519 334 2602 quinta
361 2517 488 2584 decima
514 2537 541 2581 a.
564 2516 593 2584 d.
609 2517 649 2582 V.
671 2517 751 2584 Idus
774 2518 909 2600 Maias);
943 2517 1064 2605 Lepidi
1090 2539 1251 2602 responsa
1281 2518 1387 2584 relata
1414 2523 1493 2583 sunt
1519 2517 1560 2582 ad
1587 2537 1663 2581 eum
1687 2515 1795 2580 Nonis

221 2638 290 2720 (uel
317 2636 423 2721 pridie
445 2637 588 2719 Nonas);
620 2645 758 2721 pontem
784 2639 821 2702 in
846 2638 942 2704 Isara
956 2639 1104 2704 'flumine
1130 2639 1210 2704 fecit
1236 2659 1263 2702 a.
1286 2619 1424 2702 dVIlI.
1453 2635 1534 2702 Idus
1563 2636 1631 2718 (uel
1658 2635 1794 2722 Nonis);

221 2757 404 2822 exercitum
426 2756 618 2826 transduxit
639 2778 666 2822 a.
689 2757 718 2822 d.
733 2757 810 2824 VH.
835 2759 905 2842 (uel
919 2760 1028 2841 VIII.)
1052 2759 1145 2838 Idus;
1170 2758 1307 2842 equites,
1331 2758 1387 2842 qui
1400 2757 1552 2833 Antonio
1575 2761 1795 2832 occurrerent,

219 2877 312 2942 misit
334 2899 360 2941 a.
384 2876 412 2942 d.
429 2877 469 2940 V.
492 2875 571 2944 Idus
594 2876 710 2943 Maias.
748 2877 834 2945 Oum
856 2899 937 2945 uero
959 2880 1106 2944 Plancus
1129 2901 1192 2962 quo
1215 2885 1365 2962 tempore
1388 2878 1596 2944 undecimam
1619 2876 1795 2961 epistulam
1889 2945 1891 2955 ,

220 2997 381 3063 scriberet
402 2996 543 3081 legatos,
572 3019 654 3080 quos
682 3019 757 3064 cum
780 2999 944 3064 mandatis
972 2999 1013 3064 ad
1035 2999 1201 3082 Lepidum
1227 2999 1389 3077 misisset,
1416 2999 1512 3064 breui
1537 2997 1701 3064 redituros
1724 3018 1797 3062 esse

210 3097 416 3200 sperauerit,
438 3124 476 3182 ut
495 3116 581 3182 hano
602 3119 710 3201 ipsam
732 3118 946 3186 obcaussam
971 3121 1128 3203 scriptam
1151 3119 1329 3202 epistulam
1350 3141 1417 3184 nou
1441 3119 1536 3184 daret
1556 3116 1796 3202 perferendam,

219 3237 368 3302 mitteret
389 3244 466 3320 post
488 3256 587 3320 quam
608 3237 660 3301 illi
681 3238 860 3316 redierunt,
883 3238 976 3305 nullo
999 3240 1120 3305 erroris
1140 3239 1289 3323 periculo
1312 3239 1560 3305 undecimam
1583 3236 1797 3322 epistulam

154 3429 161 3440 .
220 3363 312 3439 post
332 3355 535 3422 Kalendas
557 3355 699 3435 Maias,
723 3365 814 3423 ante
836 3357 869 3423 N
876 3381 971 3424 onas
994 3360 1154 3444 scriptam
1175 3381 1249 3425 esse
1272 3366 1464 3424 statuemus.
1696 3345 1699 3352 ¹

323 3473 490 3541 Secuntur
512 3476 599 3561 apud
622 3476 813 3544 Gruberum
835 3477 897 3542 hae
924 3488 993 3544 tres
1020 3480 1198 3563 epistulae:
1233 3477 1536 3564 septimadecima,
1565 3478 1664 3544 unius
1692 3483 1725 3541 et
1747 3477 1798 3540 ui-

192 3596 362 3686 ¹cesimae
389 3594 552 3678 particula
580 3599 735 3681 septima,
769 3597 864 3682 epist.
892 3598 1172 3678 duodeuicesima;
1208 3621 1289 3682 quas
1318 3599 1479 3683 epistulas
1507 3597 1622 3662 ordine
1649 3603 1798 3682 praestat

219 3723 362 3782 tractare
386 3717 560 3782 contrario.

222 4022 244 4056 a.
263 4005 287 4056 d.
304 4007 338 4059 V.
356 4007 416 4059 Kal.
437 4008 605 4062 commissum
624 4023 682 4062 esre
701 4013 854 4076 statuemus,
874 4013 946 4080 quod
963 4029 986 4066 a.
1005 4011 1111 4066 a1111.
1129 4011 1190 4064 Kal.
1208 4011 1308 4063 factum
1326 4027 1386 4064 esse
1404 4026 1457 4062 nou
1475 4025 1556 4078 porse
1575 4026 1657 4078 supra
1675 4007 1796 4061 uidimus.

220 4089 335 4142 Accedit
351 4091 433 4145 etiam
451 4095 523 4162 quod
542 4112 565 4146 a.
579 4095 604 4146 d.
617 4094 668 4148 ΙΙΙ.
687 4093 755 4148 Νοιι.
774 4096 868 4161 Maias,
892 4099 937 4166 qui
956 4097 1011 4152 dies
1029 4092 1138 4150 actuum
1157 4101 1214 4148 erat
1232 4101 1387 4166 postquam
1405 4100 1552 4164 pugnatum
1571 4089 1619 4160 es't,
1638 4095 1738 4148 Romae
1755 4094 1796 4144 in-

146 4221 150 4226 .
220 4175 288 4228 certi
306 4179 410 4228 tantum
427 4185 503 4232 crant
520 4179 553 4232 de
566 4179 668 4248 proelio
687 4197 808 4234 rumores
826 4182 867 4249 (id
880 4183 952 4250 quod
971 4199 1004 4234 ex
1016 4185 1055 4234 14.
1075 4183 1153 4250 epist.
1165 4170 1366 4250 intellegimus),
1386 4181 1420 4252 dq
1439 4181 1575 4234 consulum
1592 4180 1702 4234 interitu
1719 4195 1797 4232 nemo

219 4260 321 4314 certior
342 4260 428 4314 factus
455 4269 518 4316 erat.
563 4263 630 4318 (ium
652 4281 716 4318 uero
739 4265 768 4318 in
790 4267 806 4318 l.
825 4267 875 4320 XI.
899 4284 939 4336 op.
959 4269 982 4320 6.
1006 4271 1021 4330 ἓ
1041 4269 1062 4318 1.
1084 4267 1189 4336 Lupum
1218 4271 1293 4320 sexto
1316 4266 1359 4319 die
1381 4265 1487 4319 Mutius
1507 4267 1621 4319 Romam
1643 4264 1799 4334 peruenisse

218 4347 338 4414 legamus
358 4375 389 4384 -
409 4346 469 4414 quis
487 4350 594 4402 tandem
612 4351 704 4404 credat
725 4351 846 4404 nuntium
868 4353 943 4404 illum
960 4343 1146 4420 grauissimum
1170 4369 1203 4404 ne
1226 4358 1321 4406 octauo
1339 4352 1448 4421 quidem
1471 4352 1524 4408 uel,
1537 4366 1607 4404 nono
1625 4350 1668 4402 die
1686 4350 1799 4402 Romam

220 4431 342 4484 uenisse?
361 4459 393 4468 —
413 4433 489 4496 Quod
507 4433 620 4486 Abelren
638 4435 655 4487 l.
674 4453 693 4488 s.
712 4453 772 4503 pag.
790 4437 849 4492 416.
867 4439 928 4490 adu.
946 4439 969 4490 2.
988 4438 1039 4492 hoc
1055 4438 1168 4490 alterum
1186 4437 1316 4506 proelium
1335 4437 1483 4491 Mutinense
1502 4440 1547 4488 aut
1565 4454 1587 4488 a.
1606 4435 1631 4488 d.
1644 4435 1716 4488 VII.
1735 4436 1797 4488 Kal.

140 4569 145 4578 ,
222 4517 304 4570 Maias
323 4517 406 4570 fuisse
424 4518 491 4571 dicit
508 4523 555 4572 aut
571 4524 660 4586 antea,
684 4520 773 4589 aliqua
790 4539 823 4576 ex
841 4529 916 4591 parte
935 4540 967 4576 ea
984 4540 1028 4578 res
1047 4539 1145 4580 errore,
1156 4539 1216 4575 sum
1234 4523 1344 4587 adfecit,
1364 4522 1435 4592 quod
1453 4523 1537 4574 codex
1556 4520 1675 4589 quidam,
1698 4520 1725 4573 in
1744 4537 1796 4588 quo

221 4617 290 4654 nune
307 4603 373 4655 nihil
391 4603 558 4658 auctoritatis
576 4621 638 4660 esse
660 4605 770 4672 scimus,
792 4608 821 4659 in
844 4611 962 4661 extrema
984 4609 1098 4677 epistula
1115 4609 1139 4660 9.
1161 4607 1207 4660 lib.
1224 4607 1273 4660 XI.
1292 4625 1346 4662 non
1368 4625 1410 4660 uu.
1433 4608 1493 4672 ,ΙΠ.
1512 4607 1572 4660 Kal.
1590 4605 1679 4659 Maias’
1705 4605 1794 4668 habet,

222 4686 271 4740 sed
290 4687 362 4751 ‚111L
380 4689 414 4742 Κ.
432 4689 546 4768 Μιιίαιῐ.
567 4691 671 4745 Eodem
689 4691 746 4746 scre
764 4709 854 4746 errore
873 4693 1031 4748 Schuetnius
1048 4697 1141 4762 eaptus
1160 4692 1207 4746 e'st
